@ARTICLE{Kajava2017,
       author = {{Kajava}, J.~J.~E. and {N{\"a}ttil{\"a}}, J. and {Poutanen}, J. and
         {Cumming}, A. and {Suleimanov}, V. and {Kuulkers}, E.},
        title = {\href{https://academic.oup.com/mnrasl/article/464/1/L6/2890964}{Detection of burning ashes from thermonuclear X-ray bursts}},
      journal = {Monthly Notices of the Royal Astronomical Society},
         year = 2017,
       volume = {464},
       number = {1},
        pages = {L6--L10}
}

@article{Grindlay1976,
    title = {\href{https://ui.adsabs.harvard.edu/abs/1976ApJ...205L.127G/abstract}{Discovery of intense X-ray bursts from the globular cluster NGC 6624}},
    year = {1976},
    journal = {The Astrophysical Journal},
    author = {Grindlay, J.E. and Gursky, H. and Schnopper, H. and Parsignault, D.R. and Heise, J. and Brinkman, A.C. and Schrijver, J.},
    pages = {L127--L130},
    volume = {205}
}

@article{Parker1958,
    title = {\href{https://ui.adsabs.harvard.edu/abs/1958ApJ...128..664P/abstract}{Dynamics of the interplanetary gas and magnetic fields}},
    year = {1958},
    journal = {ApJ},
    author = {Parker, E.},
    pages = {664},
    volume = {128}
}

@article{Park2006,
    title = {\href{https://academic.oup.com/mnras/article/367/4/1739/1747567}{Equations of general relativistic radiation hydrodynamics from a tensor formalism}},
    year = {2006},
    journal = {Monthly Notices of the Royal Astronomical Society},
    author = {Park, Myeong G.},
    pages = {1739--1745},
    volume = {367}
}

@article{IntZand2010,
    title = {\href{http://www.aanda.org/10.1051/0004-6361/200913952}{Evidence of heavy-element ashes in thermonuclear X-ray bursts with photospheric superexpansion}},
    year = {2010},
    journal = {Astronomy \& Astrophysics},
    author = {in ’t Zand, J. J. M. and Weinberg, N. N.},
    pages = {A81},
    volume = {520}
}


@article{Cumming2006,
    title = {\href{https://iopscience.iop.org/article/10.1086/504698}{Long Type I X-ray bursts and neutron star interior physics}},
    year = {2006},
    journal = {The Astrophysical Journal},
    author = {Cumming, Andrew and Macbeth, Jared and Zand, J J M and Page, Dany},
    pages = {429--451},
    volume = {646}
}


@article{Ebisuzaki1983,
    title = {\href{https://ui.adsabs.harvard.edu/abs/1983PASJ...35...17E/abstract}{Mass loss from neutron stars associated with X-ray bursts}},
    year = {1983},
    journal = {Publications of the Astronomical Society of Japan},
    author = {Ebisuzaki, Toshikazu and Hanawa, Tomoyuki and Sugimoto, Daiichirio},
    pages = {17--32},
    volume = {35}
}


@article{Ozel2016a,
    title = {\href{https://www.annualreviews.org/doi/10.1146/annurev-astro-081915-023322}{Masses, Radii, and the Equation of State of Neutron Stars}},
    year = {2016},
    journal = {Annual Review of Astronomy \& Astrophysics},
    author = {{\"{O}}zel, Feryal and Freire, Paulo},
    number = {1},
    pages = {401--440},
    volume = {54}
}

@article{Paczynski1986a,
    title = {\href{https://ui.adsabs.harvard.edu/abs/1986ApJ...302....1P/abstract}{Models of extended relativistic envelopes of neutron stars}},
    year = {1986},
    journal = {The Astrophysical Journal},
    author = {Paczynski, Bohdan and Anderson, Nels},
    pages = {1--10},
    volume = {302}
}

@article{Paczynski1986b,
    title = {\href{https://ui.adsabs.harvard.edu/abs/1986ApJ...302..519P/abstract}{Models of radiation-driven winds from general relativistic neutron stars}},
    year = {1986},
    journal = {The Astrophysical Journal},
    author = {Paczynski, Bohdan and Proszynski, M.},
    pages = {519--529},
    volume = {302}
}

@article{Cumming2003,
    title = {\href{https://iopscience.iop.org/article/10.1086/377446}{Models of Type I X-Ray bursts from 4U 1820-30}},
    year = {2003},
    journal = {The Astrophysical Journal},
    author = {Cumming, Andrew},
    pages = {1077--1085},
    volume = {595}
}

@article{Paczynski1983,
    title = {\href{https://ui.adsabs.harvard.edu/abs/1983ApJ...267..315P/abstract}{Models of X-ray bursters with radius expansion}},
    year = {1983},
    journal = {The Astrophysical Journal},
    author = {Paczynski, Bohdan},
    pages = {315--321},
    volume = {267}
}

@article{Kato1983a,
    title = {\href{https://ui.adsabs.harvard.edu/abs/1983PASJ...35...33K/abstract}{Neutron Star Wind}},
    year = {1983},
    journal = {Publications of the Astronomical Society of Japan},
    author = {Kato, Mariko},
    number = {1},
    pages = {33--46},
    volume = {35}
}

@article{Keek2018a,
    title = {\href{https://iopscience.iop.org/article/10.3847/2041-8213/aab904}{NICER Detection of Strong Photospheric Expansion during a Thermonuclear X-Ray Burst from 4U 1820-30}},
    year = {2018},
    journal = {The Astrophysical Journal Letters},
    author = {Keek, L. and Arzoumanian, Z. and Chakrabarty, D. and Chenevez, J. and Gendreau, K. C. and Guillot, S. and G{\"{u}}ver, T. and Homan, J. and Jaisawal, G. K. and LaMarr, B. and Lamb, F. K. and Mahmoodifar, S. and Markwardt, C. B. and Okajima, T. and Strohmayer, T. E. and in ’t Zand, J. J. M.},
    number = {2},
    pages = {L37},
    volume = {856}
}

@article{Strohmayer2019,
    title = {\href{https://iopscience.iop.org/article/10.3847/2041-8213/ab25eb}{NICER Discovers Spectral Lines during Photospheric Radius Expansion Bursts from 4U 1820-30: Evidence for Burst-driven Winds}},
    year = {2019},
    journal = {The Astrophysical Journal Letters},
    author = {Strohmayer, T. E. and Altamirano, D. and Arzoumanian, Z. and Bult, P. M. and Chakrabarty, D. and Chenevez, J. and Fabian, A. C. and Gendreau, K. C. and Guillot, S. and in ’t Zand, J. J. M. and Jaisawal, G. K. and Keek, L. and Kosec, P. and Ludlam, R. M. and Mahmoodifar, S. and Malacaria, Christian and Miller, J. M.},
    pages = {L27},
    volume = {878}
}


@article{Hewish1968,
    title = {\href{https://www.nature.com/articles/217709a0}{Observation of a rapidly pulsating radio source}},
    year = {1968},
    journal = {Nature},
    author = {Hewish, A. and Bell, S. J. and Pilkington, J. D H and Scott, P. F. and Collins, R. A.},
    number = {5130},
    pages = {709--713},
    volume = {217}
}


@article{Shklovsky1967,
    title = {\href{https://ui.adsabs.harvard.edu/abs/1967ApJ...148L...1S/abstract}{On the nature of the source of x-ray emission of SCO XR-1}},
    year = {1967},
    journal = {The Astrophysical Journal},
    author = {Shklovsky, I.S},
    pages = {1--4},
    volume = {148}
}

@article{Zytkow1972,
    title = {\href{https://ui.adsabs.harvard.edu/abs/1972AcA....22..103Z/abstract}{On the Stationary Mass Outflow from Stars I. The Computational Method and the Results for 1 Msun Star}},
    year = {1972},
    journal = {Acta Astronomica},
    author = {Zytkow, Anna N.},
    pages = {103--139},
    volume = {22}
}

@article{Kato1983,
    title = {\href{https://ui.adsabs.harvard.edu/abs/1983PASJ...35..507K/abstract}{Optically Thick Winds and Nova Outbursts}},
    year = {1983},
    journal = {Publ. Astron. Soc. Japan},
    author = {Kato, Mariko},
    pages = {507--519},
    volume = {35}
}

@article{Joss1987,
    title = {\href{https://ui.adsabs.harvard.edu/abs/1987ApJ...312..700J/abstract}{Quasi-static winds from neutron stars}},
    year = {1987},
    journal = {The Astrophysical Journal},
    author = {Joss, Paul C. and Melia, Fulvio},
    pages = {700},
    volume = {312}
}


@article{Thorne1981a,
    title = {\href{https://academic.oup.com/mnras/article/194/2/439/980856}{Relativistic radiative transfer: moment formalisms}},
    year = {1981},
    journal = {Monthly Notices of the Royal Astronomical Society},
    author = {Thorne, Kip S.},
    pages = {439--473}
}


@article{Park1993,
    title = {\href{https://ui.adsabs.harvard.edu/abs/1993A%26A...274..642P/abstract}{Relativistic theory of radiative transfer: time-dependent radiation moment equations}},
    year = {1993},
    journal = {Astronomy {\&} Astrophysics},
    author = {Park, Myeong G.},
    pages = {642--646},
    volume = {274}
}


@article{Gendreau2017,
    title = {\href{https://www.nature.com/articles/s41550-017-0301-3}{Searching for a pulse}},
    year = {2017},
    journal = {Nature Astronomy},
    author = {Gendreau, Keith and Arzoumanian, Zaven},
    volume = 1,
    pages = {895}
}


@article{Thorne1981,
    title = {\href{https://academic.oup.com/mnras/article/194/2/475/980863}{Stationary spherical accretion into black holes - I. Equations of structure}},
    year = {1981},
    journal = {Monthly Notices of the Royal Astronomical Society},
    author = {Thorne, Kip S. and Flammang, Richard A. and Zytkow, Anna N.},
    pages = {475--484},
    volume = {194}
}

@article{Flammang1982,
    title = {\href{https://academic.oup.com/mnras/article/199/4/833/965035}{Stationary spherical accretion into black holes - II. Theory of optically thick accretion}},
    year = {1982},
    journal = {Monthly Notices of the Royal Astronomical Society},
    author = {Flammang, Richard A.},
    pages = {833--867},
    volume = {199}
}

@article{Flammang1984,
    title = {\href{https://academic.oup.com/mnras/article/206/3/589/958974}{Stationary spherical accretion into black holes - III. Optically thick accretion in particular cases}},
    year = {1984},
    journal = {Monthly Notices of the Royal Astronomical Society},
    author = {Flammang, Richard A.},
    volume = {206}
}

@article{Quinn1985,
    title = {\href{https://ui.adsabs.harvard.edu/abs/1985ApJ...289..634Q/abstract}{Stellar winds driven by super-Eddington luminosities}},
    year = {1985},
    journal = {The Astrophysical Journal},
    author = {Quinn, Thomas and Paczynski, Bohdan},
    pages = {634--643},
    volume = {289}
}

@article{Owocki2017,
    title = {\href{https://academic.oup.com/mnras/article/472/3/3749/4104641}{Super-Eddington stellar winds : unifying radiative-enthalpy versus flux-driven models}},
    year = {2017},
    journal = {Monthly Notices of the Royal Astronomical Society},
    author = {Owocki, Stanley P and Townsend, Richard H D and Quataert, Eliot},
    number = {March 2018},
    pages = {3749--3760},
    volume = {472}
}

@article{Quataert2016,
    title = {\href{https://academic.oup.com/mnras/article/458/2/1214/2589057}{Super-Eddington stellar winds driven by near-surface energy deposition}},
    year = {2016},
    journal = {Monthly Notices of the Royal Astronomical Society},
    author = {Quataert, Eliot and Fernandez, Rodrigo and Kasen, Daniel and Klion, Hannah and Paxton, Bill},
    pages = {1214--1233},
    volume = {458}
}


@article{YuHangWeinberg2018,
    title = {\href{https://iopscience.iop.org/article/10.3847/1538-4357/aad045}{Super-Eddington Winds from Type I X-Ray Bursts}},
    year = {2018},
    journal = {The Astrophysical Journal},
    author = {Yu, Hang and Weinberg, Nevin N.},
    pages = {53},
    volume = {863}
}


@article{Ebisuzaki1988,
    title = {\href{https://ui.adsabs.harvard.edu/abs/1988ApJ...328..251E/abstract}{The difference in hydrogen abundance between two classes of type I X-ray bursts}},
    year = {1988},
    journal = {The Astrophysical Journal},
    author = {Ebisuzaki, Toshikazu and Nakamura, Norio},
    pages = {251--255},
    volume = {328}
}


@article{Steiner2013,
    title = {\href{https://iopscience.iop.org/article/10.1088/2041-8205/765/1/L5/meta}{The neutron star mass-radius relation and the equation of state of dense matter}},
    year = {2013},
    journal = {The Astrophysical Journal Letters},
    author = {Steiner, Andrew W. and Lattimer, James M. and Brown, Edward F.},
    volume = {765},
    pages = {L5}
}


@article{Cumming2004,
    title = {\href{https://iopscience.iop.org/article/10.1086/382873/meta}{The Thermal Evolution following a Superburst on an Accreting Neutron Star}},
    year = {2004},
    journal = {The Astrophysical Journal Letters},
    author = {Cumming, Andrew and Macbeth, Jared},
    number = {1},
    pages = {L37--L40},
    volume = {603}
}

@book{Galloway2008,
    title = {\href{https://iopscience.iop.org/article/10.1086/592044}{Thermonuclear (type-I) X-ray bursts observed by the Rossi X-ray Timing Explorer}},
    year = {2008},
    journal = {The Astrophysical Journal Supplement Series},
    author = {Galloway, Duncan K. and Muno, Michael P. and Hartman, Jacob M. and Psaltis, Dimitrios and Chakrabarty, Deepto},
    volume = 179,
    pages = {360--422}
}

@article{Galloway2017,
    title = {\href{http://arxiv.org/abs/1712.06227}{Thermonuclear X-ray bursts}},
    year = {2017},
    author = {Galloway, Duncan K. and Keek, Laurens},
    pages = {1--57},
    archivePrefix = {arXiv},
    eid = {arXiv:1712.06227}
}


@ARTICLE{SciPy,
       author = {{Virtanen}, Pauli and {Gommers}, Ralf and {Oliphant},
         Travis E. and {Haberland}, Matt and {Reddy}, Tyler and
         {Cournapeau}, David and {Burovski}, Evgeni and {Peterson}, Pearu
         and {Weckesser}, Warren and {Bright}, Jonathan and {van der Walt},
         St{\'e}fan J.  and {Brett}, Matthew and {Wilson}, Joshua and
         {Jarrod Millman}, K.  and {Mayorov}, Nikolay and {Nelson}, Andrew
         R.~J. and {Jones}, Eric and {Kern}, Robert and {Larson}, Eric and
         {Carey}, CJ and {Polat}, {\.I}lhan and {Feng}, Yu and {Moore},
         Eric W. and {Vand erPlas}, Jake and {Laxalde}, Denis and
         {Perktold}, Josef and {Cimrman}, Robert and {Henriksen}, Ian and
         {Quintero}, E.~A. and {Harris}, Charles R and {Archibald}, Anne M.
         and {Ribeiro}, Ant{\^o}nio H. and {Pedregosa}, Fabian and
         {van Mulbregt}, Paul and {Contributors}, SciPy 1. 0},
        title = {\href{https://www.nature.com/articles/s41592-019-0686-2}{SciPy 1.0: Fundamental Algorithms for Scientific
                  Computing in Python}},
      journal = {Nature Methods},
      year = 2020,
      volume={17},
      pages={261--272},
}

@article{Abbott2017,
    title = {\href{https://journals.aps.org/prl/abstract/10.1103/PhysRevLett.119.161101}{GW170817: Observation of Gravitational Waves from a Binary Neutron Star Inspiral}},
    year = 2017,
    volume = {119},
    number = {16},
    eid = {161101},
    pages = {161101},
    journal = {Physical Review Letters},
    author = {B. P. Abbott and others (LIGO Scientific Collaboration and Virgo Collaboration)}
}


@ARTICLE{Herrera2020,
       author = {{Herrera}, Yago and {Sala}, Gloria and {Jos{\'e}}, Jordi},
        title = {\href{https://www.aanda.org/articles/aa/abs/2020/06/aa36895-19/aa36895-19.html}{Simulations of stellar winds from X-ray bursts. Characterization of solutions and observable variables}},
      journal = {Astronomy \& Astrophysics},
         year = 2020,
        volume = 638,
        pages = {A107}
}

@ARTICLE{Buchler1976,
       author = {{Buchler}, J.~R. and {Yueh}, W.~R.},
        title = {\href{https://ui.adsabs.harvard.edu/abs/1976ApJ...210..440B}{Compton scattering opacities in a partially degenerate electron plasma at high temperatures}},
      journal = {The Astrophysical Journal},
         year = 1976,
       volume = {210},
        pages = {440--446}
}


@ARTICLE{Kuulkers2003,
       author = {{Kuulkers}, E. and {den Hartog}, P.~R. and {in't Zand}, J.~J.~M. and
         {Verbunt}, F.~W.~M. and {Harris}, W.~E. and {Cocchi}, M.},
        title = {\href{https://www.aanda.org/component/article?access=bibcode&bibcode=&bibcode=2003A%2526A...399..663KFUL}{Photospheric radius expansion X-ray bursts as standard candles}},
      journal = {Astronomy \& Astrophysics},
         year = 2003,
       volume = {399},
        pages = {663--680}
}

@ARTICLE{Nobili1994,
       author = {{Nobili}, Luciano and {Turolla}, Roberto and {Lapidus}, Iosif},
        title = {\href{https://ui.adsabs.harvard.edu/abs/1994ApJ...433..276N}{Winds from Neutron Stars and Strong Type I X-Ray Bursts}},
      journal = {The Astrophysical Journal},
         year = 1994,
       volume = {433},
        pages = {276}
}


@ARTICLE{Joss1973,
       author = {{Joss}, P.~C. and {Salpeter}, E.~E. and {Ostriker}, J.~P.},
        title = {\href{https://ui.adsabs.harvard.edu/abs/1973ApJ...181..429J}{On the ``Critical Luminosity'' in Stellar Interiors and Stellar Surface Boundary Conditions}},
      journal = {The Astrophysical Journal},
         year = 1973,
       volume = {181},
        pages = {429--438}
}


@ARTICLE{Steiner2010,
   author = {{Steiner}, Andrew W. and {Lattimer}, James M. and {Brown}, Edward F.},
    title = {\href{https://iopscience.iop.org/article/10.1088/0004-637X/722/1/33}{The Equation of State from Observed Masses and Radii of Neutron Stars}},
  journal = {The Astrophysical Journal},
     year = 2010,
   volume = {722},
    pages = {33--54}
}

@ARTICLE{Miller2019,
   author = {{Miller}, M.~C. and {Lamb}, F.~K. and {Dittmann}, A.~J. and
     {Bogdanov}, S. and {Arzoumanian}, Z. and {Gendreau}, K.~C. and
     {Guillot}, S. and {Harding}, A.~K. and {Ho}, W.~C.~G. and
     {Lattimer}, J.~M. and {Ludlam}, R.~M. and {Mahmoodifar}, S. and
     {Morsink}, S.~M. and {Ray}, P.~S. and {Strohmayer}, T.~E. and
     {Wood}, K.~S. and {Enoto}, T. and {Foster}, R. and {Okajima}, T. and
     {Prigozhin}, G. and {Soong}, Y.},
    title = {\href{https://iopscience.iop.org/article/10.3847/2041-8213/ab50c5}{PSR J0030+0451 Mass and Radius from NICER Data and Implications for the Properties of Neutron Star Matter}},
     year = {2019},
   volume = {887},
   number = {1},
    pages = {L24}
}

@ARTICLE{Lewin1993,
       author = {{Lewin}, Walter H.~G. and {van Paradijs}, Jan and {Taam}, Ronald E.},
        title = {\href{https://ui.adsabs.harvard.edu/abs/1993SSRv...62..223L/abstract}{X-Ray Bursts}},
      journal = {Space Science Reviews},
         year = 1993,
       volume = {62},
       number = {3-4},
        pages = {223-389}
}

@ARTICLE{Schatz1999,
       author = {{Schatz}, Hendrik and {Bildsten}, Lars and {Cumming}, Andrew and
         {Wiescher}, Michael},
        title = {\href{https://iopscience.iop.org/article/10.1086/307837}{The Rapid Proton Process Ashes from Stable Nuclear Burning on an Accreting Neutron Star}},
      journal = {The Astrophysical Journal},
         year = 1999,
       volume = {524},
       number = {2},
        pages = {1014-1029}
}

