@article{Magnier1989,
    title = {{A 4.1 keV spectral feature in a type I X-ray burst from EXO 1747-214}},
    year = {1989},
    journal = {Monthly Notices of the Royal Astronomical Society},
    author = {Magnier, E. and Lewin, Walter H. G. and van Paradijs, J. and Tan, J. and Penninx, W. and Damen, E.},
    pages = {729--738},
    volume = {237},
    url = {https://academic.oup.com/mnras/article/237/3/729/981618},
    doi = {10.1093/mnras/237.3.729}
}

@article{InTZand2013,
    title = {{A bright thermonuclear X-ray burst simultaneously observed with Chandra and RXTE}},
    year = {2013},
    journal = {Astronomy and Astrophysics},
    author = {In'T Zand, J. J.M. and Galloway, D. K. and Marshall, H. L. and Ballantyne, D. R. and Jonker, P. G. and Paerels, F. B.S. and Palmer, D. M. and Patruno, A. and Weinberg, N. N.},
    pages = {1--11},
    volume = {553},
    doi = {10.1051/0004-6361/201321056},
    issn = {00046361},
    keywords = {Accretion, accretion disks, Stars: neutron, X-rays: binaries, X-rays: bursts, X-rays: individuals: SAX J1808.4-3658}
}

@article{Levermore1981,
    title = {{A flux-limited diffusion theory}},
    year = {1981},
    journal = {The Astrophysical Journal},
    author = {Levermore, C.D. and Pomraning, G.C.},
    pages = {321--334},
    volume = {248},
    isbn = {9780805822328}
}

@article{Peterson2019,
    title = {{A laboratory model for the Parker spiral and magnetized stellar winds}},
    year = {2019},
    journal = {Nature Physics},
    author = {Peterson, Ethan E. and Endrizzi, Douglass A. and Beidler, Matthew and Bunkers, Kyle J. and Clark, Michael and Egedal, Jan and Flanagan, Ken and McCollam, Karsten J. and Milhone, Jason and Olson, Joseph and Sovinec, Carl R. and Waleffe, Roger and Wallace, John and Forest, Cary B.},
    publisher = {Springer US},
    url = {http://www.nature.com/articles/s41567-019-0592-7},
    isbn = {4156701905},
    doi = {10.1038/s41567-019-0592-7},
    issn = {1745-2473}
}

@article{Platts2018,
    title = {{A Living Theory Catalogue for Fast Radio Bursts}},
    year = {2018},
    author = {Platts, E. and Weltman, A. and Walters, A. and Tendulkar, S. P. and Gordin, J. E. B. and Kandhai, S.},
    pages = {1--49},
    url = {http://arxiv.org/abs/1810.05836},
    arxivId = {1810.05836},
    keywords = {black holes, fast radio bursts, neutron stars, transients}
}

@article{Turner2001,
    title = {{A Module for Radiation Hydrodynamic Calculations with ZEUS‐2D Using Flux‐limited Diffusion}},
    year = {2001},
    journal = {The Astrophysical Journal Supplement Series},
    author = {Turner, N. J. and Stone, J. M.},
    number = {1},
    pages = {95--107},
    volume = {135},
    doi = {10.1086/321779},
    issn = {0067-0049},
    arxivId = {astro-ph/0102145}
}

@article{Bult2019,
    title = {{A NICER thermonuclear burst from the millisecond X-ray pulsar SAX J1808.4-3658}},
    year = {2019},
    author = {Bult, Peter and Jaisawal, Gaurava K. and G{\"{u}}ver, Tolga and Strohmayer, Tod E. and Altamirano, Diego and Arzoumanian, Zaven and Ballantyne, David R. and Chakrabarty, Deepto and Chenevez, Jérôme and Gendreau, Keith C. and Guillot, Sebastien and Ludlam, Renee M.},
    pages = {1--10},
    url = {http://arxiv.org/abs/1909.03595},
    arxivId = {1909.03595},
    keywords = {3658, 4, binaries, individual, neutron, sax j1808, stars, x-rays}
}

@article{Strohmayer2002,
    title = {{A Remarkable 3 Hour Thermonuclear Burst from 4U 1820−30}},
    year = {2002},
    journal = {The Astrophysical Journal},
    author = {Strohmayer, Tod E. and Brown, Edward F.},
    number = {2},
    pages = {1045--1059},
    volume = {566},
    doi = {10.1086/338337},
    issn = {0004-637X},
    arxivId = {astro-ph/0108420}
}

@article{Stone1992,
    title = {{A test suite for magnetohydrodynamic simulations}},
    year = {1992},
    journal = {The Astrophysical Journal},
    author = {Stone, James M. and Hawley, John F. and Evans, Charles R. and Norman, Michael L.},
    pages = {415--437}
}

@article{Skinner2013,
    title = {{A two-moment radiation hydrodynamics module in athena using a time-explicit godunov method}},
    year = {2013},
    journal = {The Astrophysical Journal, Supplement Series},
    author = {Skinner, M. Aaron and Ostriker, Eve C.},
    number = {2},
    volume = {206},
    doi = {10.1088/0067-0049/206/2/21},
    issn = {00670049},
    arxivId = {arXiv:1306.0010v1},
    keywords = {methods: numerical, radiative transfer}
}

@article{Liu2019,
    title = {{A wide star-black-hole binary system from radial-velocity measurements}},
    year = {2019},
    author = {Liu, Jifeng and Zhang, Haotong and Howard, Andrew W. and Bai, Zhongrui and Lu, Youjun and Soria, Roberto and Justham, Stephen and Li, Xiangdong and Zheng, Zheng and Wang, Tinggui and Belczynski, Krzysztof and Casares, Jorge and Zhang, Wei and Yuan, Hailong and Dong, Yiqiao and Lei, Yajuan and Isaacson, Howard and Wang, Song and Bai, Yu and Shao, Yong and Gao, Qing and Wang, Yilun and Niu, Zexi and Cui, Kaiming and Zheng, Chuanjie and Mu, Xiaoyong and Zhang, Lan and Wang, Wei and Heger, Alexander and Qi, Zhaoxiang and Liao, Shilong and Lattanzi, Mario and Gu, Wei-Min and Wang, Junfeng and Wu, Jianfeng and Shao, Lijing and Shen, Rongfeng and Wang, Xiaofeng and Bregman, Joel and Di Stefano, Rosanne and Liu, Qingzhong and Han, Zhanwen and Zhang, Tianmeng and Wang, Huijuan and Ren, Juanjuan and Zhang, Junbo and Zhang, Jujia and Wang, Xiaoli and Cabrera-Lavers, Antonio and Corradi, Romano and Rebolo, Rafael and Zhao, Yongheng and Zhao, Gang and Chu, Yaoquan and Cui, Xiangqun},
    pages = {1--38},
    url = {http://arxiv.org/abs/1911.11989%0Ahttp://dx.doi.org/10.1038/s41586-019-1766-2},
    doi = {10.1038/s41586-019-1766-2},
    arxivId = {1911.11989}
}

@article{Reville2016,
    title = {{Age dependence of wind properties for solar type stars: a 3d study}},
    year = {2016},
    author = {R{\'{e}}ville, Victor and Folsom, Colin P. and Strugarek, Antoine and Brun, Allan Sacha},
    pages = {1--15},
    url = {http://arxiv.org/abs/1609.06602%0Ahttp://dx.doi.org/10.3847/0004-637X/832/2/145},
    doi = {10.3847/0004-637X/832/2/145},
    arxivId = {1609.06602}
}

@article{Sugimoto1984,
    title = {{An Indication for Ejection of Hydrogen-Rich Envelope from the X-Ray Burster MXB 1636-53}},
    year = {1984},
    journal = {Publications of the Astronomical Society of Japan},
    author = {Sugimoto, Daiichirio and Ebisuzaki, Toshikazu and Hanawa, Tomoyuki},
    pages = {839--844},
    volume = {36},
    url = {https://ui.adsabs.harvard.edu/abs/1984PASJ...36..839S/abstract}
}

@article{Ebisuzaki1984,
    title = {{Are X-ray bursts really of super-Eddington luminosities?}},
    year = {1984},
    journal = {Publications of the Astronomical Society of Japan},
    author = {Ebisuzaki, Toshikazu and Hanawa, Tomoyuki and Sugimoto, Daiichirio},
    pages = {551--566},
    volume = {36},
    url = {https://ui.adsabs.harvard.edu/abs/1984PASJ...36..551E/abstract}
}

@article{Suleimanov2017,
    title = {{Basic parameters of the helium-accreting X-ray bursting neutron star in 4U 1820-30}},
    year = {2017},
    journal = {Monthly Notices of the Royal Astronomical Society},
    author = {Suleimanov, Valery F. and Kajava, Jari J.E. and Molkov, Sergey V. and N{\"{a}}ttil{\"{a}}, Joonas and Lutovinov, Alexander A. and Werner, Klaus and Poutanen, Juri},
    number = {4},
    pages = {3905--3913},
    volume = {472},
    doi = {10.1093/mnras/stx2234},
    issn = {13652966},
    arxivId = {arXiv:1708.09168v1},
    keywords = {Stars: neutron, X-rays: bursts - X-rays: individual: 4U 1820-30, X-rays: stars}
}

@article{King2018,
    title = {{Black Hole Winds II : Hyper – Eddington Winds and Feedback}},
    year = {2018},
    journal = {Monthly Notices of the Royal Astronomical Society},
    author = {King, Andrew and Muldrew, Stuart I},
    number = {September},
    arxivId = {arXiv:1510.01736v1},
    keywords = {accretion, accretion discs, active, black hole physics, galaxies, general, massive black holes, quasars, rays, seyfert, super-, x}
}

@inproceedings{Hernanz2005,
    title = {{Classical nova explosions}},
    year = {2005},
    booktitle = {The Astrophysics of Cataclysmic Variables and Related Objects},
    author = {Hernanz, M.},
    pages = {265},
    volume = {330},
    issn = {1050-3390}
}

@article{Parikh2014,
    title = {{Classical novae and type I X-ray bursts: Challenges for the 21st century}},
    year = {2014},
    journal = {AIP Advances},
    author = {Parikh, A. and Jos{\'{e}}, J. and Sala, G.},
    number = {4},
    pages = {041002},
    volume = {4},
    doi = {10.1063/1.4863946}
}

@article{Zhang2013,
    title = {{Coherent oscillations and the evolution of the apparent emission area in the decaying phase of radius-expansion bursts from 4U 1636-53}},
    year = {2013},
    journal = {Monthly Notices of the Royal Astronomical Society},
    author = {Zhang, Guobao and M{\'{e}}ndez, Mariano and Belloni, Tomaso M. and Homan, Jeroen},
    number = {3},
    pages = {2276--2285},
    volume = {436},
    doi = {10.1093/mnras/stt1728},
    issn = {00358711},
    arxivId = {1204.3486},
    keywords = {4U 1636-53-stars, Binaries-X-rays, Bursts, Individual, Neutron-X-rays, Stars}
}

@article{Zingale2015,
    title = {{Comparisons of Two- and Three-Dimensional Convection in Type I X-Ray Bursts}},
    year = {2015},
    journal = {The Astrophysical Journal},
    author = {Zingale, M. and Malone, C. M. and Nonaka, A. and Almgren, A. S. and Bell, J. B.},
    number = {1},
    pages = {60},
    volume = {807},
    publisher = {IOP Publishing},
    url = {http://dx.doi.org/10.1088/0004-637X/807/1/60},
    doi = {10.1088/0004-637X/807/1/60},
    issn = {15384357},
    keywords = {X-rays: bursts Supporting material: animation, convection, hydrodynamics, methods: numerical, stars: neutron}
}

@article{Strickland1985,
    title = {{Compression of amplified chirfed optical pulses}},
    year = {1985},
    journal = {Optics Communications},
    author = {Strickland, Donna and Mourou, Gerard},
    number = {3},
    pages = {219--221},
    volume = {56}
}

@article{Zamfir2012,
    title = {{Constraints on neutron star mass and radius in GS 1826-24 from sub-Eddington X-ray bursts}},
    year = {2012},
    journal = {The Astrophysical Journal},
    author = {Zamfir, Michael and Cumming, Andrew and Galloway, Duncan K.},
    number = {1},
    volume = {749},
    doi = {10.1088/0004-637X/749/1/69},
    issn = {15384357},
    keywords = {X-rays: bursts, X-rays: individual (GS 1826-24), X-rays: stars, stars: neutron}
}

@inproceedings{VanMarle2008,
    title = {{Continuum-driven winds from super-eddington stars: A tale of two limits}},
    year = {2008},
    booktitle = {AIP Conference Proceedings},
    author = {Van Marle, A. J. and Owocki, S. P. and Shaviv, N. J.},
    pages = {250--253},
    volume = {990},
    isbn = {9780735405097},
    doi = {10.1063/1.2905555},
    issn = {0094243X},
    keywords = {Radiative transfer, Stars: Population III, Stars: hot, Stars: winds, Ynamics}
}

@article{Anlie1992,
    title = {{Covariant flux-limited diffusion theories}},
    year = {1992},
    journal = {The Astrophysical Journal},
    author = {Anile, A. M. and Romano, V.},
    pages = {325--329},
    volume = {386}
}

@article{Jennings2019,
    title = {{Detecting gravitational scattering of interstellar objects using pulsar timing}},
    year = {2019},
    author = {Jennings, Ross J and Cordes, James M and Chatterjee, Shami},
    arxivId = {arXiv:1910.08608v1}
}

@ARTICLE{Kajava2017,
       author = {{Kajava}, J.~J.~E. and {N{\"a}ttil{\"a}}, J. and {Poutanen}, J. and
         {Cumming}, A. and {Suleimanov}, V. and {Kuulkers}, E.},
        title = "{Detection of burning ashes from thermonuclear X-ray bursts}",
      journal = {Monthly Notices of the Royal Astronomical Society},
     keywords = {accretion, accretion discs, X-rays: bursts, Astrophysics - High Energy Astrophysical Phenomena},
         year = 2017,
        month = jan,
       volume = {464},
       number = {1},
        pages = {L6-L10},
          doi = {10.1093/mnrasl/slw167},
archivePrefix = {arXiv},
       eprint = {1608.06801},
 primaryClass = {astro-ph.HE},
       adsurl = {https://ui.adsabs.harvard.edu/abs/2017MNRAS.464L...6K},
      adsnote = {Provided by the SAO/NASA Astrophysics Data System}
}

@article{Grindlay1976,
    title = {{Discovery of intense X-ray bursts from the globular cluster NGC 6624}},
    year = {1976},
    journal = {The Astrophysical Journal},
    author = {Grindlay, J.E. and Gursky, H. and Schnopper, H. and Parsignault, D.R. and Heise, J. and Brinkman, A.C. and Schrijver, J.},
    pages = {L127-L130},
    volume = {205},
    url = {https://ui.adsabs.harvard.edu/abs/1976ApJ...205L.127G/abstract},
    doi = {10.1086/182105}
}

@article{Parker1958,
    title = {{Dynamics of the interplanetary gas and magnetic fields}},
    year = {1958},
    journal = {ApJ},
    author = {Parker, E.},
    pages = {664},
    volume = {128}
}

@article{Park2006,
    title = {{Equations of general relativistic radiation hydrodynamics from a tensor formalism}},
    year = {2006},
    journal = {Monthly Notices of the Royal Astronomical Society},
    author = {Park, Myeong G.},
    pages = {1739--1745},
    volume = {367},
    url = {https://academic.oup.com/mnras/article/367/4/1739/1747567},
    doi = {10.1111/j.1365-2966.2006.10081.x},
    issn = {00358711},
    keywords = {Accretion, Hydrodynamics, Radiative transfer, Relativity, accretion discs}
}

@article{Takahashi2007,
    title = {{Equations of general relativistic radiation hydrodynamics in Kerr space-time}},
    year = {2007},
    journal = {Monthly Notices of the Royal Astronomical Society},
    author = {Takahashi, Rohta},
    number = {3},
    pages = {1041--1049},
    volume = {382},
    doi = {10.1111/j.1365-2966.2007.12030.x},
    issn = {00358711},
    keywords = {Accretion: accretion discs, Black hole physics, Hydrodynamics, Radiative transfer, Relativity}
}

@article{IntZand2010,
    title = {{Evidence of heavy-element ashes in thermonuclear X-ray bursts with photospheric superexpansion}},
    year = {2010},
    journal = {Astronomy and Astrophysics},
    author = {in ’t Zand, J. J. M. and Weinberg, N. N.},
    pages = {A81},
    volume = {520},
    url = {http://www.aanda.org/10.1051/0004-6361/200913952},
    doi = {10.1051/0004-6361/200913952},
    issn = {0004-6361},
    arxivId = {astro-ph.HE/1001.0900},
    keywords = {abundances, binaries, neutron, nuclear reactions, nucleosynthesis, radiative transfer, stars, x-rays}
}

@article{Akiyama2019g,
    title = {{First M87 Event Horizon Telescope Results. I. The Shadow of the Supermassive Black Hole}},
    year = {2019},
    journal = {The Astrophysical Journal},
    author = {Akiyama, Kazunori and Alberdi, Antxon and Alef, Walter and Asada, Keiichi and Azulay, Rebecca and Baczko, Anne-Kathrin and Ball, David and Balokovi{\'{c}}, Mislav and Barrett, John and Bintley, Dan and Blackburn, Lindy and Boland, Wilfred and Bouman, Katherine L. and Bower, Geoffrey C. and Bremer, Michael and Brinkerink, Christiaan D. and Brissenden, Roger and Britzen, Silke and Broderick, Avery E. and Broguiere, Dominique and Bronzwaer, Thomas and Byun, Do-Young and Carlstrom, John E. and Chael, Andrew and Chan, Chi-kwan and Chatterjee, Shami and Chatterjee, Koushik and Chen, Ming-Tang and Chen, Yongjun and Cho, Ilje and Christian, Pierre and Conway, John E. and Cordes, James M. and Crew, Geoffrey B. and Cui, Yuzhu and Davelaar, Jordy and Laurentis, Mariafelicia De and Deane, Roger and Dempsey, Jessica and Desvignes, Gregory and Dexter, Jason and Doeleman, Sheperd S. and Eatough, Ralph P. and Falcke, Heino and Fish, Vincent L. and Fomalont, Ed and Fraga-Encinas, Raquel and Freeman, William T. and Friberg, Per and Fromm, Christian M. and G{\'{o}}mez, José L. and Galison, Peter and Gammie, Charles F. and Garc{\'{i}}a, Roberto and Gentaz, Olivier and Georgiev, Boris and Goddi, Ciriaco and Gold, Roman and Gu, Minfeng and Gurwell, Mark and Hada, Kazuhiro and Hecht, Michael H. and Hesper, Ronald and Ho, Luis C. and Ho, Paul and Honma, Mareki and Huang, Chih-Wei L. and Huang, Lei and Hughes, David H. and Ikeda, Shiro and Inoue, Makoto and Issaoun, Sara and James, David J. and Jannuzi, Buell T. and Janssen, Michael and Jeter, Britton and Jiang, Wu and Johnson, Michael D. and Jorstad, Svetlana and Jung, Taehyun and Karami, Mansour and Karuppusamy, Ramesh and Kawashima, Tomohisa and Keating, Garrett K. and Kettenis, Mark and Kim, Jae-Young and Kim, Junhan and Kim, Jongsoo and Kino, Motoki and Koay, Jun Yi and Koch, Patrick M. and Koyama, Shoko and Kramer, Michael and Kramer, Carsten and Krichbaum, Thomas P. and Kuo, Cheng-Yu and Lauer, Tod R. and Lee, Sang-Sung and Li, Yan-Rong and Li, Zhiyuan and Lindqvist, Michael and Liu, Kuo and Liuzzo, Elisabetta and Lo, Wen-Ping and Lobanov, Andrei P. and Loinard, Laurent and Lonsdale, Colin and Lu, Ru-Sen and MacDonald, Nicholas R. and Mao, Jirong and Markoff, Sera and Marrone, Daniel P. and Marscher, Alan P. and Mart{\'{i}}-Vidal, Iván and Matsushita, Satoki and Matthews, Lynn D. and Medeiros, Lia and Menten, Karl M. and Mizuno, Yosuke and Mizuno, Izumi and Moran, James M. and Moriyama, Kotaro and Moscibrodzka, Monika and M{\"{u}}ller, Cornelia and Nagai, Hiroshi and Nagar, Neil M. and Nakamura, Masanori and Narayan, Ramesh and Narayanan, Gopal and Natarajan, Iniyan and Neri, Roberto and Ni, Chunchong and Noutsos, Aristeidis and Okino, Hiroki and Olivares, Héctor and Ortiz-Le{\'{o}}n, Gisela N. and Oyama, Tomoaki and {\"{O}}zel, Feryal and Palumbo, Daniel C. M. and Patel, Nimesh and Pen, Ue-Li and Pesce, Dominic W. and Pi{\'{e}}tu, Vincent and Plambeck, Richard and PopStefanija, Aleksandar and Porth, Oliver and Prather, Ben and Preciado-L{\'{o}}pez, Jorge A. and Psaltis, Dimitrios and Pu, Hung-Yi and Ramakrishnan, Venkatessh and Rao, Ramprasad and Rawlings, Mark G. and Raymond, Alexander W. and Rezzolla, Luciano and Ripperda, Bart and Roelofs, Freek and Rogers, Alan and Ros, Eduardo and Rose, Mel and Roshanineshat, Arash and Rottmann, Helge and Roy, Alan L. and Ruszczyk, Chet and Ryan, Benjamin R. and Rygl, Kazi L. J. and S{\'{a}}nchez, Salvador and S{\'{a}}nchez-Arguelles, David and Sasada, Mahito and Savolainen, Tuomas and Schloerb, F. Peter and Schuster, Karl-Friedrich and Shao, Lijing and Shen, Zhiqiang and Small, Des and Sohn, Bong Won and SooHoo, Jason and Tazaki, Fumie and Tiede, Paul and Tilanus, Remo P. J. and Titus, Michael and Toma, Kenji and Torne, Pablo and Trent, Tyler and Trippe, Sascha and Tsuda, Shuichiro and Bemmel, Ilse van and van Langevelde, Huib Jan and van Rossum, Daniel R. and Wagner, Jan and Wardle, John and Weintroub, Jonathan and Wex, Norbert and Wharton, Robert and Wielgus, Maciek and Wong, George N. and Wu, Qingwen and Young, Ken and Young, André and Younsi, Ziri and Yuan, Feng and Yuan, Ye-Fei and Zensus, J. Anton and Zhao, Guangyao and Zhao, Shan-Shan and Zhu, Ziyan and Algaba, Juan-Carlos and Allardi, Alexander and Amestica, Rodrigo and Anczarski, Jadyn and Bach, Uwe and Baganoff, Frederick K. and Beaudoin, Christopher and Benson, Bradford A. and Berthold, Ryan and Blanchard, Jay M. and Blundell, Ray and Bustamente, Sandra and Cappallo, Roger and Castillo-Dom{\'{i}}nguez, Edgar and Chang, Chih-Cheng and Chang, Shu-Hao and Chang, Song-Chu and Chen, Chung-Chen and Chilson, Ryan and Chuter, Tim C. and Rosado, Rodrigo Córdova and Coulson, Iain M. and Crawford, Thomas M. and Crowley, Joseph and David, John and Derome, Mark and Dexter, Matthew and Dornbusch, Sven and Dudevoir, Kevin A. and Dzib, Sergio A. and Eckart, Andreas and Eckert, Chris and Erickson, Neal R. and Everett, Wendeline B. and Faber, Aaron and Farah, Joseph R. and Fath, Vernon and Folkers, Thomas W. and Forbes, David C. and Freund, Robert and G{\'{o}}mez-Ruiz, Arturo I. and Gale, David M. and Gao, Feng and Geertsema, Gertie and Graham, David A. and Greer, Christopher H. and Grosslein, Ronald and Gueth, Frédéric and Haggard, Daryl and Halverson, Nils W. and Han, Chih-Chiang and Han, Kuo-Chang and Hao, Jinchi and Hasegawa, Yutaka and Henning, Jason W. and Hern{\'{a}}ndez-G{\'{o}}mez, Antonio and Herrero-Illana, Rubén and Heyminck, Stefan and Hirota, Akihiko and Hoge, James and Huang, Yau-De and Impellizzeri, C. M. Violette and Jiang, Homin and Kamble, Atish and Keisler, Ryan and Kimura, Kimihiro and Kono, Yusuke and Kubo, Derek and Kuroda, John and Lacasse, Richard and Laing, Robert A. and Leitch, Erik M. and Li, Chao-Te and Lin, Lupin C.-C. and Liu, Ching-Tang and Liu, Kuan-Yu and Lu, Li-Ming and Marson, Ralph G. and Martin-Cocher, Pierre L. and Massingill, Kyle D. and Matulonis, Callie and McColl, Martin P. and McWhirter, Stephen R. and Messias, Hugo and Meyer-Zhao, Zheng and Michalik, Daniel and Monta{\~{n}}a, Alfredo and Montgomerie, William and Mora-Klein, Matias and Muders, Dirk and Nadolski, Andrew and Navarro, Santiago and Neilsen, Joseph and Nguyen, Chi H. and Nishioka, Hiroaki and Norton, Timothy and Nowak, Michael A. and Nystrom, George and Ogawa, Hideo and Oshiro, Peter and Oyama, Tomoaki and Parsons, Harriet and Paine, Scott N. and Pe{\~{n}}alver, Juan and Phillips, Neil M. and Poirier, Michael and Pradel, Nicolas and Primiani, Rurik A. and Raffin, Philippe A. and Rahlin, Alexandra S. and Reiland, George and Risacher, Christopher and Ruiz, Ignacio and S{\'{a}}ez-Mada{\'{i}}n, Alejandro F. and Sassella, Remi and Schellart, Pim and Shaw, Paul and Silva, Kevin M. and Shiokawa, Hotaka and Smith, David R. and Snow, William and Souccar, Kamal and Sousa, Don and Sridharan, T. K. and Srinivasan, Ranjani and Stahm, William and Stark, Anthony A. and Story, Kyle and Timmer, Sjoerd T. and Vertatschitsch, Laura and Walther, Craig and Wei, Ta-Shun and Whitehorn, Nathan and Whitney, Alan R. and Woody, David P. and Wouterloot, Jan G. A. and Wright, Melvin and Yamaguchi, Paul and Yu, Chen-Yu and Zeballos, Milagros and Zhang, Shuo and Ziurys, Lucy},
    number = {1},
    pages = {L1},
    volume = {875},
    doi = {10.3847/2041-8213/ab0ec7},
    keywords = {accretion, accretion disks, active, black hole physics, galaxies, gravitation, individual, jets, m87}
}

@article{Akiyama2019f,
    title = {{First M87 Event Horizon Telescope Results. II. Array and Instrumentation}},
    year = {2019},
    journal = {The Astrophysical Journal},
    author = {Akiyama, Kazunori and Alberdi, Antxon and Alef, Walter and Asada, Keiichi and Azulay, Rebecca and Baczko, Anne-Kathrin and Ball, David and Balokovi{\'{c}}, Mislav and Barrett, John and Bintley, Dan and Blackburn, Lindy and Boland, Wilfred and Bouman, Katherine L. and Bower, Geoffrey C. and Bremer, Michael and Brinkerink, Christiaan D. and Brissenden, Roger and Britzen, Silke and Broderick, Avery E. and Broguiere, Dominique and Bronzwaer, Thomas and Byun, Do-Young and Carlstrom, John E. and Chael, Andrew and Chan, Chi-kwan and Chatterjee, Shami and Chatterjee, Koushik and Chen, Ming-Tang and Chen, Yongjun and Cho, Ilje and Christian, Pierre and Conway, John E. and Cordes, James M. and Crew, Geoffrey B. and Cui, Yuzhu and Davelaar, Jordy and De Laurentis, Mariafelicia and Deane, Roger and Dempsey, Jessica and Desvignes, Gregory and Dexter, Jason and Doeleman, Sheperd S. and Eatough, Ralph P. and Falcke, Heino and Fish, Vincent L. and Fomalont, Ed and Fraga-Encinas, Raquel and Friberg, Per and Fromm, Christian M. and G{\'{o}}mez, José L. and Galison, Peter and Gammie, Charles F. and Garc{\'{i}}a, Roberto and Gentaz, Olivier and Georgiev, Boris and Goddi, Ciriaco and Gold, Roman and Gu, Minfeng and Gurwell, Mark and Hada, Kazuhiro and Hecht, Michael H. and Hesper, Ronald and Ho, Luis C. and Ho, Paul and Honma, Mareki and Huang, Chih-Wei L. and Huang, Lei and Hughes, David H. and Ikeda, Shiro and Inoue, Makoto and Issaoun, Sara and James, David J. and Jannuzi, Buell T. and Janssen, Michael and Jeter, Britton and Jiang, Wu and Johnson, Michael D. and Jorstad, Svetlana and Jung, Taehyun and Karami, Mansour and Karuppusamy, Ramesh and Kawashima, Tomohisa and Keating, Garrett K. and Kettenis, Mark and Kim, Jae-Young and Kim, Junhan and Kim, Jongsoo and Kino, Motoki and Koay, Jun Yi and Koch, Patrick M. and Koyama, Shoko and Kramer, Michael and Kramer, Carsten and Krichbaum, Thomas P. and Kuo, Cheng-Yu and Lauer, Tod R. and Lee, Sang-Sung and Li, Yan-Rong and Li, Zhiyuan and Lindqvist, Michael and Liu, Kuo and Liuzzo, Elisabetta and Lo, Wen-Ping and Lobanov, Andrei P. and Loinard, Laurent and Lonsdale, Colin and Lu, Ru-Sen and MacDonald, Nicholas R. and Mao, Jirong and Markoff, Sera and Marrone, Daniel P. and Marscher, Alan P. and Mart{\'{i}}-Vidal, Iván and Matsushita, Satoki and Matthews, Lynn D. and Medeiros, Lia and Menten, Karl M. and Mizuno, Yosuke and Mizuno, Izumi and Moran, James M. and Moriyama, Kotaro and Moscibrodzka, Monika and M{\"{u}}ller, Cornelia and Nagai, Hiroshi and Nagar, Neil M. and Nakamura, Masanori and Narayan, Ramesh and Narayanan, Gopal and Natarajan, Iniyan and Neri, Roberto and Ni, Chunchong and Noutsos, Aristeidis and Okino, Hiroki and Olivares, Héctor and Ortiz-Le{\'{o}}n, Gisela N. and Oyama, Tomoaki and {\"{O}}zel, Feryal and Palumbo, Daniel C. M. and Patel, Nimesh and Pen, Ue-Li and Pesce, Dominic W. and Pi{\'{e}}tu, Vincent and Plambeck, Richard and PopStefanija, Aleksandar and Porth, Oliver and Prather, Ben and Preciado-L{\'{o}}pez, Jorge A. and Psaltis, Dimitrios and Pu, Hung-Yi and Ramakrishnan, Venkatessh and Rao, Ramprasad and Rawlings, Mark G. and Raymond, Alexander W. and Rezzolla, Luciano and Ripperda, Bart and Roelofs, Freek and Rogers, Alan and Ros, Eduardo and Rose, Mel and Roshanineshat, Arash and Rottmann, Helge and Roy, Alan L. and Ruszczyk, Chet and Ryan, Benjamin R. and Rygl, Kazi L. J. and S{\'{a}}nchez, Salvador and S{\'{a}}nchez-Arguelles, David and Sasada, Mahito and Savolainen, Tuomas and Schloerb, F. Peter and Schuster, Karl-Friedrich and Shao, Lijing and Shen, Zhiqiang and Small, Des and Sohn, Bong Won and SooHoo, Jason and Tazaki, Fumie and Tiede, Paul and Tilanus, Remo P. J. and Titus, Michael and Toma, Kenji and Torne, Pablo and Trent, Tyler and Trippe, Sascha and Tsuda, Shuichiro and van Bemmel, Ilse and van Langevelde, Huib Jan and van Rossum, Daniel R. and Wagner, Jan and Wardle, John and Weintroub, Jonathan and Wex, Norbert and Wharton, Robert and Wielgus, Maciek and Wong, George N. and Wu, Qingwen and Young, André and Young, Ken and Younsi, Ziri and Yuan, Feng and Yuan, Ye-Fei and Zensus, J. Anton and Zhao, Guangyao and Zhao, Shan-Shan and Zhu, Ziyan and Algaba, Juan-Carlos and Allardi, Alexander and Amestica, Rodrigo and Bach, Uwe and Beaudoin, Christopher and Benson, Bradford A. and Berthold, Ryan and Blanchard, Jay M. and Blundell, Ray and Bustamente, Sandra and Cappallo, Roger and Castillo-Dom{\'{i}}nguez, Edgar and Chang, Chih-Cheng and Chang, Shu-Hao and Chang, Song-Chu and Chen, Chung-Chen and Chilson, Ryan and Chuter, Tim C. and Rosado, Rodrigo Córdova and Coulson, Iain M. and Crawford, Thomas M. and Crowley, Joseph and David, John and Derome, Mark and Dexter, Matthew and Dornbusch, Sven and Dudevoir, Kevin A. and Dzib, Sergio A. and Eckert, Chris and Erickson, Neal R. and Everett, Wendeline B. and Faber, Aaron and Farah, Joseph R. and Fath, Vernon and Folkers, Thomas W. and Forbes, David C. and Freund, Robert and G{\'{o}}mez-Ruiz, Arturo I. and Gale, David M. and Gao, Feng and Geertsema, Gertie and Graham, David A. and Greer, Christopher H. and Grosslein, Ronald and Gueth, Frédéric and Halverson, Nils W. and Han, Chih-Chiang and Han, Kuo-Chang and Hao, Jinchi and Hasegawa, Yutaka and Henning, Jason W. and Hern{\'{a}}ndez-G{\'{o}}mez, Antonio and Herrero-Illana, Rubén and Heyminck, Stefan and Hirota, Akihiko and Hoge, James and Huang, Yau-De and Impellizzeri, C. M. Violette and Jiang, Homin and Kamble, Atish and Keisler, Ryan and Kimura, Kimihiro and Kono, Yusuke and Kubo, Derek and Kuroda, John and Lacasse, Richard and Laing, Robert A. and Leitch, Erik M. and Li, Chao-Te and Lin, Lupin C.-C. and Liu, Ching-Tang and Liu, Kuan-Yu and Lu, Li-Ming and Marson, Ralph G. and Martin-Cocher, Pierre L. and Massingill, Kyle D. and Matulonis, Callie and McColl, Martin P. and McWhirter, Stephen R. and Messias, Hugo and Meyer-Zhao, Zheng and Michalik, Daniel and Monta{\~{n}}a, Alfredo and Montgomerie, William and Mora-Klein, Matias and Muders, Dirk and Nadolski, Andrew and Navarro, Santiago and Nguyen, Chi H. and Nishioka, Hiroaki and Norton, Timothy and Nystrom, George and Ogawa, Hideo and Oshiro, Peter and Oyama, Tomoaki and Padin, Stephen and Parsons, Harriet and Paine, Scott N. and Pe{\~{n}}alver, Juan and Phillips, Neil M. and Poirier, Michael and Pradel, Nicolas and Primiani, Rurik A. and Raffin, Philippe A. and Rahlin, Alexandra S. and Reiland, George and Risacher, Christopher and Ruiz, Ignacio and S{\'{a}}ez-Mada{\'{i}}n, Alejandro F. and Sassella, Remi and Schellart, Pim and Shaw, Paul and Silva, Kevin M. and Shiokawa, Hotaka and Smith, David R. and Snow, William and Souccar, Kamal and Sousa, Don and Sridharan, T. K. and Srinivasan, Ranjani and Stahm, William and Stark, Antony A. and Story, Kyle and Timmer, Sjoerd T. and Vertatschitsch, Laura and Walther, Craig and Wei, Ta-Shun and Whitehorn, Nathan and Whitney, Alan R. and Woody, David P. and Wouterloot, Jan G. A. and Wright, Melvin and Yamaguchi, Paul and Yu, Chen-Yu and Zeballos, Milagros and Ziurys, Lucy},
    number = {1},
    pages = {L2},
    volume = {875},
    doi = {10.3847/2041-8213/ab0c96},
    keywords = {black hole physics, center, galaxies, galaxy, gravitational lensing, high angular resolution, individual, instrumentation, interferometers, m87, strong, techniques}
}

@article{Akiyama2019e,
    title = {{First M87 Event Horizon Telescope Results. III. Data Processing and Calibration}},
    year = {2019},
    journal = {The Astrophysical Journal},
    author = {Akiyama, Kazunori and Alberdi, Antxon and Alef, Walter and Asada, Keiichi and Azulay, Rebecca and Baczko, Anne-Kathrin and Ball, David and Balokovi{\'{c}}, Mislav and Barrett, John and Bintley, Dan and Blackburn, Lindy and Boland, Wilfred and Bouman, Katherine L. and Bower, Geoffrey C. and Bremer, Michael and Brinkerink, Christiaan D. and Brissenden, Roger and Britzen, Silke and Broderick, Avery E. and Broguiere, Dominique and Bronzwaer, Thomas and Byun, Do-Young and Carlstrom, John E. and Chael, Andrew and Chan, Chi-kwan and Chatterjee, Shami and Chatterjee, Koushik and Chen, Ming-Tang and Chen, Yongjun and Cho, Ilje and Christian, Pierre and Conway, John E. and Cordes, James M. and Crew, Geoffrey B. and Cui, Yuzhu and Davelaar, Jordy and De Laurentis, Mariafelicia and Deane, Roger and Dempsey, Jessica and Desvignes, Gregory and Dexter, Jason and Doeleman, Sheperd S. and Eatough, Ralph P. and Falcke, Heino and Fish, Vincent L. and Fomalont, Ed and Fraga-Encinas, Raquel and Friberg, Per and Fromm, Christian M. and G{\'{o}}mez, José L. and Galison, Peter and Gammie, Charles F. and Garc{\'{i}}a, Roberto and Gentaz, Olivier and Georgiev, Boris and Goddi, Ciriaco and Gold, Roman and Gu, Minfeng and Gurwell, Mark and Hada, Kazuhiro and Hecht, Michael H. and Hesper, Ronald and Ho, Luis C. and Ho, Paul and Honma, Mareki and Huang, Chih-Wei L. and Huang, Lei and Hughes, David H. and Ikeda, Shiro and Inoue, Makoto and Issaoun, Sara and James, David J. and Jannuzi, Buell T. and Janssen, Michael and Jeter, Britton and Jiang, Wu and Johnson, Michael D. and Jorstad, Svetlana and Jung, Taehyun and Karami, Mansour and Karuppusamy, Ramesh and Kawashima, Tomohisa and Keating, Garrett K. and Kettenis, Mark and Kim, Jae-Young and Kim, Junhan and Kim, Jongsoo and Kino, Motoki and Koay, Jun Yi and Koch, Patrick M. and Koyama, Shoko and Kramer, Michael and Kramer, Carsten and Krichbaum, Thomas P. and Kuo, Cheng-Yu and Lauer, Tod R. and Lee, Sang-Sung and Li, Yan-Rong and Li, Zhiyuan and Lindqvist, Michael and Liu, Kuo and Liuzzo, Elisabetta and Lo, Wen-Ping and Lobanov, Andrei P. and Loinard, Laurent and Lonsdale, Colin and Lu, Ru-Sen and MacDonald, Nicholas R. and Mao, Jirong and Markoff, Sera and Marrone, Daniel P. and Marscher, Alan P. and Mart{\'{i}}-Vidal, Iván and Matsushita, Satoki and Matthews, Lynn D. and Medeiros, Lia and Menten, Karl M. and Mizuno, Yosuke and Mizuno, Izumi and Moran, James M. and Moriyama, Kotaro and Moscibrodzka, Monika and M{\"{u}}ller, Cornelia and Nagai, Hiroshi and Nagar, Neil M. and Nakamura, Masanori and Narayan, Ramesh and Narayanan, Gopal and Natarajan, Iniyan and Neri, Roberto and Ni, Chunchong and Noutsos, Aristeidis and Okino, Hiroki and Olivares, Héctor and Ortiz-Le{\'{o}}n, Gisela N. and Oyama, Tomoaki and {\"{O}}zel, Feryal and Palumbo, Daniel C. M. and Patel, Nimesh and Pen, Ue-Li and Pesce, Dominic W. and Pi{\'{e}}tu, Vincent and Plambeck, Richard and PopStefanija, Aleksandar and Porth, Oliver and Prather, Ben and Preciado-L{\'{o}}pez, Jorge A. and Psaltis, Dimitrios and Pu, Hung-Yi and Ramakrishnan, Venkatessh and Rao, Ramprasad and Rawlings, Mark G. and Raymond, Alexander W. and Rezzolla, Luciano and Ripperda, Bart and Roelofs, Freek and Rogers, Alan and Ros, Eduardo and Rose, Mel and Roshanineshat, Arash and Rottmann, Helge and Roy, Alan L. and Ruszczyk, Chet and Ryan, Benjamin R. and Rygl, Kazi L. J. and S{\'{a}}nchez, Salvador and S{\'{a}}nchez-Arguelles, David and Sasada, Mahito and Savolainen, Tuomas and Schloerb, F. Peter and Schuster, Karl-Friedrich and Shao, Lijing and Shen, Zhiqiang and Small, Des and Sohn, Bong Won and SooHoo, Jason and Tazaki, Fumie and Tiede, Paul and Tilanus, Remo P. J. and Titus, Michael and Toma, Kenji and Torne, Pablo and Trent, Tyler and Trippe, Sascha and Tsuda, Shuichiro and van Bemmel, Ilse and van Langevelde, Huib Jan and van Rossum, Daniel R. and Wagner, Jan and Wardle, John and Weintroub, Jonathan and Wex, Norbert and Wharton, Robert and Wielgus, Maciek and Wong, George N. and Wu, Qingwen and Young, André and Young, Ken and Younsi, Ziri and Yuan, Feng and Yuan, Ye-Fei and Zensus, J. Anton and Zhao, Guangyao and Zhao, Shan-Shan and Zhu, Ziyan and Cappallo, Roger and Farah, Joseph R. and Folkers, Thomas W. and Meyer-Zhao, Zheng and Michalik, Daniel and Nadolski, Andrew and Nishioka, Hiroaki and Pradel, Nicolas and Primiani, Rurik A. and Souccar, Kamal and Vertatschitsch, Laura and Yamaguchi, Paul},
    number = {1},
    pages = {L3},
    volume = {875},
    doi = {10.3847/2041-8213/ab0c57},
    keywords = {3c279, black hole physics, galaxies, high angular, individual, interferometric, jets, m87, resolution, techniques}
}

@article{Akiyama2019b,
    title = {{First M87 Event Horizon Telescope Results. IV. Imaging the Central Supermassive Black Hole}},
    year = {2019},
    journal = {The Astrophysical Journal},
    author = {Akiyama, Kazunori and Alberdi, Antxon and Alef, Walter and Asada, Keiichi and Azulay, Rebecca and Baczko, Anne-Kathrin and Ball, David and Balokovi{\'{c}}, Mislav and Barrett, John and Bintley, Dan and Blackburn, Lindy and Boland, Wilfred and Bouman, Katherine L. and Bower, Geoffrey C. and Bremer, Michael and Brinkerink, Christiaan D. and Brissenden, Roger and Britzen, Silke and Broderick, Avery E. and Broguiere, Dominique and Bronzwaer, Thomas and Byun, Do-Young and Carlstrom, John E. and Chael, Andrew and Chan, Chi-kwan and Chatterjee, Shami and Chatterjee, Koushik and Chen, Ming-Tang and Chen, Yongjun and Cho, Ilje and Christian, Pierre and Conway, John E. and Cordes, James M. and Crew, Geoffrey B. and Cui, Yuzhu and Davelaar, Jordy and De Laurentis, Mariafelicia and Deane, Roger and Dempsey, Jessica and Desvignes, Gregory and Dexter, Jason and Doeleman, Sheperd S. and Eatough, Ralph P. and Falcke, Heino and Fish, Vincent L. and Fomalont, Ed and Fraga-Encinas, Raquel and Freeman, William T. and Friberg, Per and Fromm, Christian M. and G{\'{o}}mez, José L. and Galison, Peter and Gammie, Charles F. and Garc{\'{i}}a, Roberto and Gentaz, Olivier and Georgiev, Boris and Goddi, Ciriaco and Gold, Roman and Gu, Minfeng and Gurwell, Mark and Hada, Kazuhiro and Hecht, Michael H. and Hesper, Ronald and Ho, Luis C. and Ho, Paul and Honma, Mareki and Huang, Chih-Wei L. and Huang, Lei and H. Hughes, David and Ikeda, Shiro and Inoue, Makoto and Issaoun, Sara and James, David J. and Jannuzi, Buell T. and Janssen, Michael and Jeter, Britton and Jiang, Wu and Johnson, Michael D. and Jorstad, Svetlana and Jung, Taehyun and Karami, Mansour and Karuppusamy, Ramesh and Kawashima, Tomohisa and Keating, Garrett K. and Kettenis, Mark and Kim, Jae-Young and Kim, Junhan and Kim, Jongsoo and Kino, Motoki and Koay, Jun Yi and Koch, Patrick M. and Koyama, Shoko and Kramer, Michael and Kramer, Carsten and Krichbaum, Thomas P. and Kuo, Cheng-Yu and Lauer, Tod R. and Lee, Sang-Sung and Li, Yan-Rong and Li, Zhiyuan and Lindqvist, Michael and Liu, Kuo and Liuzzo, Elisabetta and Lo, Wen-Ping and Lobanov, Andrei P. and Loinard, Laurent and Lonsdale, Colin and Lu, Ru-Sen and MacDonald, Nicholas R. and Mao, Jirong and Markoff, Sera and Marrone, Daniel P. and Marscher, Alan P. and Mart{\'{i}}-Vidal, Iván and Matsushita, Satoki and Matthews, Lynn D. and Medeiros, Lia and Menten, Karl M. and Mizuno, Yosuke and Mizuno, Izumi and Moran, James M. and Moriyama, Kotaro and Moscibrodzka, Monika and M{\"{u}}ller, Cornelia and Nagai, Hiroshi and Nagar, Neil M. and Nakamura, Masanori and Narayan, Ramesh and Narayanan, Gopal and Natarajan, Iniyan and Neri, Roberto and Ni, Chunchong and Noutsos, Aristeidis and Okino, Hiroki and Olivares, Héctor and Oyama, Tomoaki and {\"{O}}zel, Feryal and Palumbo, Daniel C. M. and Patel, Nimesh and Pen, Ue-Li and Pesce, Dominic W. and Pi{\'{e}}tu, Vincent and Plambeck, Richard and PopStefanija, Aleksandar and Porth, Oliver and Prather, Ben and Preciado-L{\'{o}}pez, Jorge A. and Psaltis, Dimitrios and Pu, Hung-Yi and Ramakrishnan, Venkatessh and Rao, Ramprasad and Rawlings, Mark G. and Raymond, Alexander W. and Rezzolla, Luciano and Ripperda, Bart and Roelofs, Freek and Rogers, Alan and Ros, Eduardo and Rose, Mel and Roshanineshat, Arash and Rottmann, Helge and Roy, Alan L. and Ruszczyk, Chet and Ryan, Benjamin R. and Rygl, Kazi L. J. and S{\'{a}}nchez, Salvador and S{\'{a}}nchez-Arguelles, David and Sasada, Mahito and Savolainen, Tuomas and Schloerb, F. Peter and Schuster, Karl-Friedrich and Shao, Lijing and Shen, Zhiqiang and Small, Des and Sohn, Bong Won and SooHoo, Jason and Tazaki, Fumie and Tiede, Paul and Tilanus, Remo P. J. and Titus, Michael and Toma, Kenji and Torne, Pablo and Trent, Tyler and Trippe, Sascha and Tsuda, Shuichiro and van Bemmel, Ilse and van Langevelde, Huib Jan and van Rossum, Daniel R. and Wagner, Jan and Wardle, John and Weintroub, Jonathan and Wex, Norbert and Wharton, Robert and Wielgus, Maciek and Wong, George N. and Wu, Qingwen and Young, André and Young, Ken and Younsi, Ziri and Yuan, Feng and Yuan, Ye-Fei and Zensus, J. Anton and Zhao, Guangyao and Zhao, Shan-Shan and Zhu, Ziyan and Farah, Joseph R. and Meyer-Zhao, Zheng and Michalik, Daniel and Nadolski, Andrew and Nishioka, Hiroaki and Pradel, Nicolas and Primiani, Rurik A. and Souccar, Kamal and Vertatschitsch, Laura and Yamaguchi, Paul},
    number = {1},
    pages = {L4},
    volume = {875},
    doi = {10.3847/2041-8213/ab0e85},
    keywords = {black hole physics, galaxies, high angular resolution, image processing, individual, interferometric, jets, m87, techniques}
}

@article{Akiyama2019c,
    title = {{First M87 Event Horizon Telescope Results. V. Physical Origin of the Asymmetric Ring}},
    year = {2019},
    journal = {The Astrophysical Journal},
    author = {Akiyama, Kazunori and Alberdi, Antxon and Alef, Walter and Asada, Keiichi and Azulay, Rebecca and Baczko, Anne-Kathrin and Ball, David and Balokovi{\'{c}}, Mislav and Barrett, John and Bintley, Dan and Blackburn, Lindy and Boland, Wilfred and Bouman, Katherine L. and Bower, Geoffrey C. and Bremer, Michael and Brinkerink, Christiaan D. and Brissenden, Roger and Britzen, Silke and Broderick, Avery E. and Broguiere, Dominique and Bronzwaer, Thomas and Byun, Do-Young and Carlstrom, John E. and Chael, Andrew and Chan, Chi-kwan and Chatterjee, Shami and Chatterjee, Koushik and Chen, Ming-Tang and Chen, Yongjun and Cho, Ilje and Christian, Pierre and Conway, John E. and Cordes, James M. and Crew, Geoffrey B. and Cui, Yuzhu and Davelaar, Jordy and De Laurentis, Mariafelicia and Deane, Roger and Dempsey, Jessica and Desvignes, Gregory and Dexter, Jason and Doeleman, Sheperd S. and Eatough, Ralph P. and Falcke, Heino and Fish, Vincent L. and Fomalont, Ed and Fraga-Encinas, Raquel and Friberg, Per and Fromm, Christian M. and G{\'{o}}mez, José L. and Galison, Peter and Gammie, Charles F. and Garc{\'{i}}a, Roberto and Gentaz, Olivier and Georgiev, Boris and Goddi, Ciriaco and Gold, Roman and Gu, Minfeng and Gurwell, Mark and Hada, Kazuhiro and Hecht, Michael H. and Hesper, Ronald and Ho, Luis C. and Ho, Paul and Honma, Mareki and Huang, Chih-Wei L. and Huang, Lei and Hughes, David H. and Ikeda, Shiro and Inoue, Makoto and Issaoun, Sara and James, David J. and Jannuzi, Buell T. and Janssen, Michael and Jeter, Britton and Jiang, Wu and Johnson, Michael D. and Jorstad, Svetlana and Jung, Taehyun and Karami, Mansour and Karuppusamy, Ramesh and Kawashima, Tomohisa and Keating, Garrett K. and Kettenis, Mark and Kim, Jae-Young and Kim, Junhan and Kim, Jongsoo and Kino, Motoki and Koay, Jun Yi and Koch, Patrick M. and Koyama, Shoko and Kramer, Michael and Kramer, Carsten and Krichbaum, Thomas P. and Kuo, Cheng-Yu and Lauer, Tod R. and Lee, Sang-Sung and Li, Yan-Rong and Li, Zhiyuan and Lindqvist, Michael and Liu, Kuo and Liuzzo, Elisabetta and Lo, Wen-Ping and Lobanov, Andrei P. and Loinard, Laurent and Lonsdale, Colin and Lu, Ru-Sen and MacDonald, Nicholas R. and Mao, Jirong and Markoff, Sera and Marrone, Daniel P. and Marscher, Alan P. and Mart{\'{i}}-Vidal, Iván and Matsushita, Satoki and Matthews, Lynn D. and Medeiros, Lia and Menten, Karl M. and Mizuno, Yosuke and Mizuno, Izumi and Moran, James M. and Moriyama, Kotaro and Moscibrodzka, Monika and Mul̈ler, Cornelia and Nagai, Hiroshi and Nagar, Neil M. and Nakamura, Masanori and Narayan, Ramesh and Narayanan, Gopal and Natarajan, Iniyan and Neri, Roberto and Ni, Chunchong and Noutsos, Aristeidis and Okino, Hiroki and Olivares, Héctor and Oyama, Tomoaki and {\"{O}}zel, Feryal and Palumbo, Daniel C. M. and Patel, Nimesh and Pen, Ue-Li and Pesce, Dominic W. and Pi{\'{e}}tu, Vincent and Plambeck, Richard and PopStefanija, Aleksandar and Porth, Oliver and Prather, Ben and Preciado-L{\'{o}}pez, Jorge A. and Psaltis, Dimitrios and Pu, Hung-Yi and Ramakrishnan, Venkatessh and Rao, Ramprasad and Rawlings, Mark G. and Raymond, Alexander W. and Rezzolla, Luciano and Ripperda, Bart and Roelofs, Freek and Rogers, Alan and Ros, Eduardo and Rose, Mel and Roshanineshat, Arash and Rottmann, Helge and Roy, Alan L. and Ruszczyk, Chet and Ryan, Benjamin R. and Rygl, Kazi L. J. and S{\'{a}}nchez, Salvador and S{\'{a}}nchez-Arguelles, David and Sasada, Mahito and Savolainen, Tuomas and Schloerb, F. Peter and Schuster, Karl-Friedrich and Shao, Lijing and Shen, Zhiqiang and Small, Des and Sohn, Bong Won and SooHoo, Jason and Tazaki, Fumie and Tiede, Paul and Tilanus, Remo P. J. and Titus, Michael and Toma, Kenji and Torne, Pablo and Trent, Tyler and Trippe, Sascha and Tsuda, Shuichiro and van Bemmel, Ilse and van Langevelde, Huib Jan and van Rossum, Daniel R. and Wagner, Jan and Wardle, John and Weintroub, Jonathan and Wex, Norbert and Wharton, Robert and Wielgus, Maciek and Wong, George N. and Wu, Qingwen and Young, André and Young, Ken and Younsi, Ziri and Yuan, Feng and Yuan, Ye-Fei and Zensus, J. Anton and Zhao, Guangyao and Zhao, Shan-Shan and Zhu, Ziyan and Anczarski, Jadyn and Baganoff, Frederick K. and Eckart, Andreas and Farah, Joseph R. and Haggard, Daryl and Meyer-Zhao, Zheng and Michalik, Daniel and Nadolski, Andrew and Neilsen, Joseph and Nishioka, Hiroaki and Nowak, Michael A. and Pradel, Nicolas and Primiani, Rurik A. and Souccar, Kamal and Vertatschitsch, Laura and Yamaguchi, Paul and Zhang, Shuo},
    number = {1},
    pages = {L5},
    volume = {875},
    doi = {10.3847/2041-8213/ab0f43},
    keywords = {accretion, accretion disks, black hole physics, galaxies, high angular resolution, individual, jets, m87, magnetohydrodynamics, mhd, techniques}
}

@article{Akiyama2019d,
    title = {{First M87 Event Horizon Telescope Results. VI. The Shadow and Mass of the Central Black Hole}},
    year = {2019},
    journal = {The Astrophysical Journal},
    author = {Akiyama, Kazunori and Alberdi, Antxon and Alef, Walter and Asada, Keiichi and Azulay, Rebecca and Baczko, Anne-Kathrin and Ball, David and Balokovi{\'{c}}, Mislav and Barrett, John and Bintley, Dan and Blackburn, Lindy and Boland, Wilfred and Bouman, Katherine L. and Bower, Geoffrey C. and Bremer, Michael and Brinkerink, Christiaan D. and Brissenden, Roger and Britzen, Silke and Broderick, Avery E. and Broguiere, Dominique and Bronzwaer, Thomas and Byun, Do-Young and Carlstrom, John E. and Chael, Andrew and Chan, Chi-kwan and Chatterjee, Shami and Chatterjee, Koushik and Chen, Ming-Tang and Chen, Yongjun and Cho, Ilje and Christian, Pierre and Conway, John E. and Cordes, James M. and Crew, Geoffrey B. and Cui, Yuzhu and Davelaar, Jordy and De Laurentis, Mariafelicia and Deane, Roger and Dempsey, Jessica and Desvignes, Gregory and Dexter, Jason and Doeleman, Sheperd S. and Eatough, Ralph P. and Falcke, Heino and Fish, Vincent L. and Fomalont, Ed and Fraga-Encinas, Raquel and Friberg, Per and Fromm, Christian M. and G{\'{o}}mez, José L. and Galison, Peter and Gammie, Charles F. and Garc{\'{i}}a, Roberto and Gentaz, Olivier and Georgiev, Boris and Goddi, Ciriaco and Gold, Roman and Gu, Minfeng and Gurwell, Mark and Hada, Kazuhiro and Hecht, Michael H. and Hesper, Ronald and Ho, Luis C. and Ho, Paul and Honma, Mareki and Huang, Chih-Wei L. and Huang, Lei and Hughes, David H. and Ikeda, Shiro and Inoue, Makoto and Issaoun, Sara and James, David J. and Jannuzi, Buell T. and Janssen, Michael and Jeter, Britton and Jiang, Wu and Johnson, Michael D. and Jorstad, Svetlana and Jung, Taehyun and Karami, Mansour and Karuppusamy, Ramesh and Kawashima, Tomohisa and Keating, Garrett K. and Kettenis, Mark and Kim, Jae-Young and Kim, Junhan and Kim, Jongsoo and Kino, Motoki and Koay, Jun Yi and Koch, Patrick M. and Koyama, Shoko and Kramer, Michael and Kramer, Carsten and Krichbaum, Thomas P. and Kuo, Cheng-Yu and Lauer, Tod R. and Lee, Sang-Sung and Li, Yan-Rong and Li, Zhiyuan and Lindqvist, Michael and Liu, Kuo and Liuzzo, Elisabetta and Lo, Wen-Ping and Lobanov, Andrei P. and Loinard, Laurent and Lonsdale, Colin and Lu, Ru-Sen and MacDonald, Nicholas R. and Mao, Jirong and Markoff, Sera and Marrone, Daniel P. and Marscher, Alan P. and Mart{\'{i}}-Vidal, Iván and Matsushita, Satoki and Matthews, Lynn D. and Medeiros, Lia and Menten, Karl M. and Mizuno, Yosuke and Mizuno, Izumi and Moran, James M. and Moriyama, Kotaro and Moscibrodzka, Monika and M{\"{u}}ller, Cornelia and Nagai, Hiroshi and Nagar, Neil M. and Nakamura, Masanori and Narayan, Ramesh and Narayanan, Gopal and Natarajan, Iniyan and Neri, Roberto and Ni, Chunchong and Noutsos, Aristeidis and Okino, Hiroki and Olivares, Héctor and Oyama, Tomoaki and {\"{O}}zel, Feryal and Palumbo, Daniel C. M. and Patel, Nimesh and Pen, Ue-Li and Pesce, Dominic W. and Pi{\'{e}}tu, Vincent and Plambeck, Richard and PopStefanija, Aleksandar and Porth, Oliver and Prather, Ben and Preciado-L{\'{o}}pez, Jorge A. and Psaltis, Dimitrios and Pu, Hung-Yi and Ramakrishnan, Venkatessh and Rao, Ramprasad and Rawlings, Mark G. and Raymond, Alexander W. and Rezzolla, Luciano and Ripperda, Bart and Roelofs, Freek and Rogers, Alan and Ros, Eduardo and Rose, Mel and Roshanineshat, Arash and Rottmann, Helge and Roy, Alan L. and Ruszczyk, Chet and Ryan, Benjamin R. and Rygl, Kazi L. J. and S{\'{a}}nchez, Salvador and S{\'{a}}nchez-Arguelles, David and Sasada, Mahito and Savolainen, Tuomas and Schloerb, F. Peter and Schuster, Karl-Friedrich and Shao, Lijing and Shen, Zhiqiang and Small, Des and Sohn, Bong Won and SooHoo, Jason and Tazaki, Fumie and Tiede, Paul and Tilanus, Remo P. J. and Titus, Michael and Toma, Kenji and Torne, Pablo and Trent, Tyler and Trippe, Sascha and Tsuda, Shuichiro and van Bemmel, Ilse and van Langevelde, Huib Jan and van Rossum, Daniel R. and Wagner, Jan and Wardle, John and Weintroub, Jonathan and Wex, Norbert and Wharton, Robert and Wielgus, Maciek and Wong, George N. and Wu, Qingwen and Young, André and Young, Ken and Younsi, Ziri and Yuan, Feng and Yuan, Ye-Fei and Zensus, J. Anton and Zhao, Guangyao and Zhao, Shan-Shan and Zhu, Ziyan and Farah, Joseph R. and Meyer-Zhao, Zheng and Michalik, Daniel and Nadolski, Andrew and Nishioka, Hiroaki and Pradel, Nicolas and Primiani, Rurik A. and Souccar, Kamal and Vertatschitsch, Laura and Yamaguchi, Paul},
    number = {1},
    pages = {L6},
    volume = {875},
    doi = {10.3847/2041-8213/ab1141},
    keywords = {black hole physics, galaxies, gravitation, high angular resolution, individual, interferometric, m87, techniques}
}

@article{Fryxell2000,
    title = {{FLASH: An Adaptive Mesh Hydrodynamics Code for Modeling Astrophysical Thermonuclear Flashes}},
    year = {2000},
    journal = {The Astrophysical Journal Supplement Series},
    author = {Fryxell, B. and Olson, K. and Ricker, P. and Timmes, F. X. and Zingale, M. and Lamb, D. Q. and MacNeice, P. and Rosner, R. and Truran, J. W. and Tufo, H.},
    number = {1},
    pages = {273--334},
    volume = {131},
    doi = {10.1086/317361},
    issn = {0067-0049}
}

@article{Pomraning1983,
    title = {{Flux-limited diffusion with relativistic corrections}},
    year = {1983},
    journal = {The Astrophysical Journal},
    author = {Pomraning, G.C},
    pages = {841--847},
    volume = {266},
    url = {https://ui.adsabs.harvard.edu/abs/1983ApJ...266..841P/abstract}
}

@article{Wise2019,
    title = {{Formation of massive black holes in rapidly growing pre-galactic gas clouds}},
    year = {2019},
    journal = {Nature},
    author = {Wise, John H. and Regan, John A. and O’Shea, Brian W. and Norman, Michael L. and Downes, Turlough P. and Xu, Hao},
    url = {http://www.nature.com/articles/s41586-019-0873-4},
    isbn = {4158601908},
    doi = {10.1038/s41586-019-0873-4},
    issn = {0028-0836},
    arxivId = {1901.07563}
}

@article{Goldman1979,
    title = {{General Relativistic Effects and the Radius and Mass of X-ray Bursters}},
    year = {1979},
    journal = {Astronomy {\&} Astrophysics},
    author = {Goldman, I.},
    pages = {L15-L16},
    volume = {78}
}

@article{Fuentes2019,
    title = {{Glitch time series and size distributions in eight prolific pulsars}},
    year = {2019},
    author = {Fuentes, J. R. and Espinoza, C. M. and Reisenegger, A.},
    pages = {1--12},
    volume = {115},
    url = {http://arxiv.org/abs/1907.09887},
    arxivId = {1907.09887},
    keywords = {6910, data analysis, general, individual, methods, neutron, psr j0537, pulsars, rotation, stars}
}

@article{Abbott2017,
    title = {{GW170817: Observation of Gravitational Waves from a Binary Neutron Star Inspiral}},
    year = {2017},
    journal = {Physical Review Letters},
    author = {B. P. Abbott and others (LIGO Scientific Collaboration and Virgo Collaboration)},
    number = {16},
    pages = {30--33},
    volume = {119},
    doi = {10.1103/PhysRevLett.119.161101},
    issn = {10797114}
}

@article{Cumming2002,
    title = {{Hydrostatic Expansion and Spin Changes during Type I X‐Ray Bursts}},
    year = {2002},
    journal = {The Astrophysical Journal},
    author = {Cumming, Andrew and Morsink, Sharon M. and Bildsten, Lars and Friedman, John L. and Holz, Daniel E.},
    number = {1},
    pages = {343--352},
    volume = {564},
    doi = {10.1086/324157},
    issn = {0004-637X}
}

@article{Fireman1974,
    title = {{Interstellar absorption of X-rays}},
    year = {1974},
    journal = {The Astrophysical Journal},
    author = {Fireman, E.L.},
    number = {1974},
    pages = {57--60},
    volume = {187},
    url = {https://ui.adsabs.harvard.edu/abs/1974ApJ...187...57F/abstract},
    doi = {10.1086/152588}
}

@article{Cumming2006,
    title = {{Long Type I X-ray bursts and neutron star interior physics}},
    year = {2006},
    journal = {The Astrophysical Journal},
    author = {Cumming, Andrew and Macbeth, Jared and Zand, J J M and Page, Dany},
    pages = {429--451},
    volume = {646}
}

@article{Vasilopoulos2019,
    title = {{M51 ULX-7: super-orbital periodicity and constraints on the neutron star magnetic field}},
    year = {2019},
    author = {Vasilopoulos, G. and Lander, S. K. and Koliopanos, F. and Bailyn, C. D.},
    number = {November},
    pages = {1--11},
    volume = {11},
    url = {http://arxiv.org/abs/1911.09670},
    isbn = {5572358282},
    arxivId = {1911.09670},
    keywords = {binaries, galaxies, individ-, individual, m51, neutron, pulsars, stars, x-rays}
}

@article{Sakurai1985,
    title = {{Magnetic stellar winds: a 2-D generalization of the Weber-Davis model}},
    year = {1985},
    journal = {Astronomy {\&} Astrophysics},
    author = {Sakurai, T.},
    volume = {152}
}

@article{Krasnopolsky1999,
    title = {{Magnetocentrifugal Launching of Jets from Accretion Disks. I. Cold Axisymmetric Flows}},
    year = {1999},
    journal = {The Astrophysical Journal},
    author = {Krasnopolsky, Ruben and Li, Zhi‐Yun and Blandford, Roger},
    number = {2},
    pages = {631--642},
    volume = {526},
    url = {http://adsabs.harvard.edu/abs/1999ApJ...526..631K},
    doi = {10.1086/308023},
    issn = {0004-637X},
    arxivId = {astro-ph/9902200},
    keywords = {GALAXIES: ACTIVE, ISM: JETS AND OUTFLOWS, MAGNETOHYDRODYNAMICS: MHD, METHODS: NUMERICAL}
}

@article{Salmi2020,
    title = {{Magnetospheric return-current-heated atmospheres of rotation-powered millisecond pulsars}},
    year = {2020},
    author = {Salmi, Tuomo and Suleimanov, Valery F. and N{\"{a}}ttil{\"{a}}, Joonas and Poutanen, Juri},
    number = {2013},
    pages = {1--13},
    url = {http://arxiv.org/abs/2002.11427},
    arxivId = {2002.11427},
    keywords = {atmosphere, general, methods, neutron, numerical, pulsars, radiative transfer, stars, x-rays}
}

@article{Ebisuzaki1983,
    title = {{Mass loss from neutron stars associated with X-ray bursts}},
    year = {1983},
    journal = {Publications of the Astronomical Society of Japan},
    author = {Ebisuzaki, Toshikazu and Hanawa, Tomoyuki and Sugimoto, Daiichirio},
    pages = {17--32},
    volume = {35},
    url = {https://ui.adsabs.harvard.edu/abs/1983PASJ...35...17E/abstract}
}

@article{Vink2001,
    title = {{Mass-loss predictions for O and B stars as a function of metallicity}},
    year = {2001},
    author = {Vink, Jorick S and Koter, A De and Lamers, H J G L M},
    pages = {574--588},
    volume = {588},
    doi = {10.1051/0004-6361},
    keywords = {early-type, evolution, mass-loss, stars, supergiants, winds}
}

@article{Ozel2016a,
    title = {{Masses, Radii, and the Equation of State of Neutron Stars}},
    year = {2016},
    journal = {Annual Review of Astronomy and Astrophysics},
    author = {{\"{O}}zel, Feryal and Freire, Paulo},
    number = {1},
    pages = {401--440},
    volume = {54},
    url = {https://doi.org/10.1146/annurev-astro-081915-023322},
    doi = {10.1146/annurev-astro-081915-023322}
}

@article{Paczynski1986a,
    title = {{Models of extended relativistic envelopes of neutron stars}},
    year = {1986},
    journal = {The Astrophysical Journal},
    author = {Paczynski, Bohdan and Anderson, Nels},
    pages = {1--10},
    volume = {302},
    url = {https://ui.adsabs.harvard.edu/abs/1986ApJ...302....1P/abstract},
    doi = {10.1086/163966}
}

@article{Paczynski1986b,
    title = {{Models of radiation-driven winds from general relativistic neutron stars}},
    year = {1986},
    journal = {The Astrophysical Journal},
    author = {Paczynski, Bohdan and Proszynski, M.},
    pages = {519--529},
    volume = {302},
    url = {https://ui.adsabs.harvard.edu/abs/1986ApJ...302..519P/abstract},
    doi = {10.1086/164012}
}

@article{Cumming2003,
    title = {{Models of Type I X-Ray bursts from 4U 1820-30}},
    year = {2003},
    journal = {The Astrophysical Journal},
    author = {Cumming, Andrew},
    pages = {1077--1085},
    volume = {595},
    url = {https://iopscience.iop.org/article/10.1086/377446 https://ui.adsabs.harvard.edu/abs/2003ApJ...595.1077C/abstract},
    doi = {10.1086/377446},
    arxivId = {arXiv:astro-ph/0306245},
    archivePrefix = {arXiv},
    eprint = {0306245},
    primaryClass = {astro-ph}
}

@article{Paczynski1983,
    title = {{Models of X-ray bursters with radius expansion}},
    year = {1983},
    journal = {The Astrophysical Journal},
    author = {Paczynski, Bohdan},
    pages = {315--321},
    volume = {267},
    url = {https://ui.adsabs.harvard.edu/abs/1983ApJ...267..315P/abstract}
}

@article{Kato1983a,
    title = {{Neutron Star Wind}},
    year = {1983},
    journal = {Publications of the Astronomical Society of Japan},
    author = {Kato, Mariko},
    number = {1},
    pages = {33--46},
    volume = {35},
    url = {https://ui.adsabs.harvard.edu/abs/1983PASJ...35...33K/abstract},
    issn = {0004-6264}
}

@article{Keek2018a,
    title = {{NICER Detection of Strong Photospheric Expansion during a Thermonuclear X-Ray Burst from 4U 1820-30}},
    year = {2018},
    journal = {The Astrophysical Journal Letters},
    author = {Keek, L. and Arzoumanian, Z. and Chakrabarty, D. and Chenevez, J. and Gendreau, K. C. and Guillot, S. and G{\"{u}}ver, T. and Homan, J. and Jaisawal, G. K. and LaMarr, B. and Lamb, F. K. and Mahmoodifar, S. and Markwardt, C. B. and Okajima, T. and Strohmayer, T. E. and in ’t Zand, J. J. M.},
    number = {2},
    pages = {L37},
    volume = {856},
    publisher = {IOP Publishing},
    url = {http://arxiv.org/abs/1808.06442},
    doi = {10.3847/2041-8213/aab904},
    issn = {2041-8213},
    arxivId = {1808.06442},
    keywords = {30, 4u 1820, accretion, accretion disks, binaries, individual, neutron, stars, stars: individual (4U 18, x-rays}
}

@article{Strohmayer2019,
    title = {{NICER Discovers Spectral Lines during Photospheric Radius Expansion Bursts from 4U 1820-30: Evidence for Burst-driven Winds}},
    year = {2019},
    journal = {The Astrophysical Journal Letters},
    author = {Strohmayer, T. E. and Altamirano, D. and Arzoumanian, Z. and Bult, P. M. and Chakrabarty, D. and Chenevez, J. and Fabian, A. C. and Gendreau, K. C. and Guillot, S. and in ’t Zand, J. J. M. and Jaisawal, G. K. and Keek, L. and Kosec, P. and Ludlam, R. M. and Mahmoodifar, S. and Malacaria, Christian and Miller, J. M.},
    number = {2},
    pages = {L27},
    volume = {878},
    publisher = {IOP Publishing},
    url = {http://dx.doai.org/10.3847/2041-8213/ab25eb},
    doi = {10.3847/2041-8213/ab25eb},
    issn = {2041-8213},
    keywords = {4u, X-rays: binaries, X-rays: bursts, X-rays: individual (4U 1820-30), binaries, bursts, dynamics, individual, neutron, radiation, radiation: dynamics, stars, stars: neutron, x-rays}
}

@article{Chapman,
    title = {{Notes on the Solar Corona and the Terrestrial Ionosphere}},
    year = {1957},
    author = {Chapman, Sydney}
}

@article{Ryu1995,
    title = {{Numerical magnetohydrodynamics in astrophysics: Algorithm and tests for one-dimensional flow}},
    year = {1995},
    journal = {The Astrophysical Journal},
    author = {Ryu, D. and Jones, T.W.},
    volume = {442}
}

@article{Keppens1999,
    title = {{Numerical simulations of stellar winds: polytropic models}},
    year = {1999},
    author = {Keppens, R. and Goedbloed, J. P.},
    number = {August},
    url = {http://arxiv.org/abs/astro-ph/9901380},
    issn = {00046361},
    arxivId = {astro-ph/9901380},
    keywords = {methods, mhd, numerical, outflows, solar wind, stars, winds}
}

@article{Hewish1968,
    title = {{Observation of a rapidly pulsating radio source}},
    year = {1968},
    journal = {Nature},
    author = {Hewish, A. and Bell, S. J. and Pilkington, J. D H and Scott, P. F. and Collins, R. A.},
    number = {5130},
    pages = {709--713},
    volume = {217},
    doi = {10.1038/217709a0},
    issn = {00280836}
}

@article{Bildsten1996tides,
    title = {{Ocean g-modes on rotating neutron stars}},
    year = {1996},
    journal = {The Astrophysical Journal},
    author = {Bildsten, Lars and Ushomirsky, Greg and Cutler, Curt},
    pages = {827--831},
    volume = {460},
    url = {https://ui.adsabs.harvard.edu/abs/1996ApJ...460..827B/abstract}
}

@article{Oppenheimer1939,
    title = {{On massive neutron cores}},
    year = {1939},
    journal = {Physical Review},
    author = {Oppenheimer, J. R. and Volkoff, G. M.},
    number = {4},
    pages = {374--381},
    volume = {55},
    doi = {10.1103/PhysRev.55.374},
    issn = {0031899X}
}

@article{Marino2018,
    title = {{On obtaining neutron star mass and radius constraints from quiescent low-mass X-ray binaries in the Galactic plane}},
    year = {2018},
    journal = {Monthly Notices of the Royal Astronomical Society},
    author = {Marino, Alessio and Degenaar, N. and Di Salvo, T. and Wijnands, R. and Burderi, L. and Iaria, R.},
    number = {3},
    pages = {3634--3650},
    volume = {479},
    doi = {10.1093/mnras/sty1585},
    issn = {13652966},
    arxivId = {arXiv:1806.04557v1},
    keywords = {Accretion, accretion discs, Dense matter, Equation of state, Stars: neutron, X-rays: binaries}
}

@article{VanMarle2009,
    title = {{On the behaviour of stellar winds that exceed the photon-tiring limit}},
    year = {2009},
    journal = {Monthly Notices of the Royal Astronomical Society},
    author = {Van Marle, Allard Jan and Owocki, Stanley P. and Shaviv, Nir J.},
    number = {2},
    pages = {595--604},
    volume = {394},
    doi = {10.1111/j.1365-2966.2008.14366.x},
    issn = {00358711},
    arxivId = {0812.0242},
    keywords = {Hydrodynamics, Methods: numerical, Radiative transfer, Stars: mass-loss, Stars: winds, outflows}
}

@article{Einstein1905,
    title = {{On the electrodynamics of moving bodies}},
    year = {1905},
    author = {Einstein, A.}
}

@article{Ozel2012,
    title = {{On the mass distribution and birth masses of neutron stars}},
    year = {2012},
    journal = {The Astrophysical Journal},
    author = {{\"{O}}zel, Feryal and Psaltis, Dimitrios and Narayan, Ramesh and Santos Villarreal, Antonio},
    number = {1},
    pages = {1--20},
    volume = {757},
    doi = {10.1088/0004-637X/757/1/55},
    issn = {15384357},
    pmid = {20150103},
    arxivId = {1201.1006},
    keywords = {Black hole physics, Pulsars: general, Stars: neutron, X-rays: binaries}
}

@article{Murray2004,
    title = {{On the Maximum Luminosity of Galaxies and Their Central Black Holes: Feedback From Momentum-Driven Winds}},
    year = {2004},
    author = {Murray, Norman and Quataert, Eliot and Thompson, Todd A.},
    number = {1995},
    pages = {569--585},
    url = {http://arxiv.org/abs/astro-ph/0406070%0Ahttp://dx.doi.org/10.1086/426067},
    isbn = {9780071351645},
    doi = {10.1086/426067},
    issn = {0004-637X},
    arxivId = {astro-ph/0406070}
}

@article{Shklovsky1967,
    title = {{On the nature of the source of x-ray emission of SCO XR-1}},
    year = {1967},
    journal = {The Astrophysical Journal},
    author = {Shklovsky, I.S},
    pages = {1--4},
    volume = {148}
}

@article{Guillot2010,
    title = {{On the radiative equilibrium of irradiated planetary atmospheres}},
    year = {2010},
    journal = {Astronomy and Astrophysics},
    author = {Guillot, T.},
    number = {18},
    volume = {520},
    doi = {10.1051/0004-6361/200913396},
    issn = {00046361},
    arxivId = {1006.4702},
    keywords = {planetary systems, planets and satellites: general, stars: atmospheres}
}

@article{Titarchuk1994,
    title = {{On the spectra of X-ray bursters: Expansion and Contraction stages}},
    year = {1994},
    journal = {The Astrophysical Journal},
    author = {Titarchuk, Lev.},
    pages = {340--355},
    volume = {429},
    url = {https://ui.adsabs.harvard.edu/abs/1994ApJ...429..340T/abstract},
    doi = {10.1086/174323}
}

@article{Zytkow1972,
    title = {{On the Stationary Mass Outflow from Stars I. The Computational Method and the Results for 1 Msun Star}},
    year = {1972},
    journal = {Acta Astronomica},
    author = {Zytkow, Anna N.},
    pages = {103--139},
    volume = {22}
}

@article{Kato1983,
    title = {{Optically Thick Winds and Nova Outbursts}},
    year = {1983},
    journal = {Publ. Astron. Soc. Japan},
    author = {Kato, Mariko},
    pages = {507--519},
    volume = {35}
}

@article{Wielgus2019,
    title = {{Optically thin outbursts of rotating neutron stars cannot be spherical}},
    year = {2019},
    journal = {Monthly Notices of the Royal Astronomical Society},
    author = {Wielgus, Maciek},
    number = {4},
    pages = {4937--4941},
    volume = {488},
    publisher = {Oxford University Press},
    doi = {10.1093/mnras/stz2079},
    issn = {0035-8711},
    arxivId = {1907.11268},
    keywords = {1 i n t, 1984, atmospheres, bursts, during type-i x-ray burst, gravitation, lewin, luminosities, near-eddington, neutron, neutron stars may reach, ro d u c, stars, t i o n, taam 1993, tawara et al, van paradijs, x-rays}
}

@article{Biermann1952,
    title = {{Physical processes in comet tails and their relation to solar activity}},
    year = {1952},
    author = {Biermann, Ludwig and Physik), (Max-Planck Institut fur}
}

@article{Caplan2018,
    title = {{Polycrystalline Crusts in Accreting Neutron Stars}},
    year = {2018},
    journal = {The Astrophysical Journal},
    author = {Caplan, M. E. and Cumming, Andrew and Berry, D. K. and Horowitz, C. J. and Mckinven, R.},
    number = {2},
    pages = {148},
    volume = {860},
    publisher = {IOP Publishing},
    url = {http://arxiv.org/abs/1804.06942},
    doi = {10.3847/1538-4357/aac2d2},
    issn = {15384357},
    arxivId = {1804.06942},
    keywords = {accretion, accretion disks, accretion,accretion disks,dense matter,stars: inte, binaries, dense matter, interiors, neutron, stars, x-rays}
}

@article{Zamfir2015,
    title = {{Probing Neutron Star Interiors with Type I X-ray Bursts}},
    year = {2015},
    author = {Zamfir, Michael},
    number = {January 2014}
}

@article{Joss1987,
    title = {{Quasi-static winds from neutron stars}},
    year = {1987},
    journal = {The Astrophysical Journal},
    author = {Joss, Paul C. and Melia, Fulvio},
    pages = {700},
    volume = {312},
    url = {https://ui.adsabs.harvard.edu/abs/1987ApJ...312..700J/abstract},
    doi = {10.1086/164913},
    issn = {0004-637X}
}

@article{Castor1975,
    title = {{Radiation-driven winds in Of stars}},
    year = {1975},
    journal = {The Astrophysical Journal},
    author = {Castor, John I and Abbott, David C and Klein, Richard I},
    pages = {157--174},
    volume = {195}
}

@article{Dobbs-dixon2010,
    title = {{Radiative hydrodynamic simulations of HD209458b : Temporal variability}},
    year = {2010},
    author = {Dobbs-dixon, Ian and Cumming, Andrew and Lin, D N C},
    pages = {1395--1407},
    doi = {10.1088/0004-637X/710/2/1395},
    keywords = {atmospheres, color figures, hydrodynamics, online-only material, planets and satellites, radiative transfer, shock waves}
}

@article{Dobbs-Dixon2010b,
    title = {{Radiative hydrodynamic simulations of HD209458B: Temporal variability}},
    year = {2010},
    journal = {The Astrophysical Journal},
    author = {Dobbs-Dixon, Ian and Cumming, Andrew and Lin, D. N.C.},
    number = {2},
    pages = {1395--1407},
    volume = {710},
    doi = {10.1088/0004-637X/710/2/1395},
    issn = {15384357},
    keywords = {Hydrodynamics, Planets and satellites: atmospheres, Radiative transfer, Shock waves}
}

@article{Brown2017,
    title = {{Rapid neutrino cooling in the neutron star MXB 1659-29}},
    year = {2017},
    author = {Brown, Edward F. and Cumming, Andrew and Fattoyev, Farrukh J. and Horowitz, C J and Page, Dany and Reddy, Sanjay},
    arxivId = {arXiv:1801.00041v1}
}

@article{Levermore1984,
    title = {{Relating Eddington factors to flux limiters}},
    year = {1984},
    journal = {Journal of Quantitative Spectroscopy and Radiative Transfer},
    author = {Levermore, C. D.},
    number = {2},
    pages = {149--160},
    volume = {31},
    doi = {10.1016/0022-4073(84)90112-2},
    issn = {00224073}
}

@article{Thorne1981a,
    title = {{Relativistic radiative transfer: moment formalisms}},
    year = {1981},
    journal = {Monthly Notices of the Royal Astronomical Society},
    author = {Thorne, Kip S.},
    pages = {439--473},
    isbn = {9780805822328}
}

@article{Michel1969,
    title = {{Relativistic stellar-wind torques}},
    year = {1969},
    journal = {The Astrophysical Journal},
    author = {Michel, F.C},
    volume = {158},
    isbn = {9788578110796},
    doi = {10.1017/CBO9781107415324.004},
    issn = {1098-6596},
    pmid = {25246403},
    arxivId = {arXiv:1011.1669v3}
}

@article{Park1993,
    title = {{Relativistic theory of radiative transfer: time-dependent radiation moment equations}},
    year = {1993},
    journal = {Astronomy {\&} Astrophysics},
    author = {Park, Myeong G.},
    pages = {642--646},
    volume = {274},
    url = {https://ui.adsabs.harvard.edu/abs/1993A%26A...274..642P/abstract}
}

@article{Lyutikov2018,
    title = {{Rotating Parker wind}},
    year = {2018},
    author = {Lyutikov, Maxim},
    url = {http://arxiv.org/abs/1811.10777},
    arxivId = {1811.10777}
}

@article{Gendreau2017,
    title = {{Searching for a pulse}},
    year = {2017},
    journal = {Nature Astronomy},
    author = {Gendreau, Keith and Arzoumanian, Zaven},
    number = {12},
    pages = {895},
    volume = {1},
    publisher = {Springer US},
    url = {http://dx.doi.org/10.1038/s41550-017-0301-3},
    doi = {10.1038/s41550-017-0301-3},
    issn = {23973366}
}

@article{Li2017,
    title = {{Simultaneous Constraints on the Mass and Radius of Aql X–1 from Quiescence and X-Ray Burst Observations}},
    year = {2017},
    journal = {The Astrophysical Journal},
    author = {Li, Zhaosheng and Falanga, Maurizio and Chen, Li and Qu, Jinlu and Xu, Renxin},
    number = {1},
    pages = {8},
    volume = {845},
    doi = {10.3847/1538-4357/aa7d0b},
    arxivId = {arXiv:1706.09931v1},
    keywords = {1, aql x, binaries, dense matter, individual, neutron, stars, x-rays}
}

@article{Hartle1968,
    title = {{Slowly rotating relativistic stars. II. Models for neutron stars and supermassive stars}},
    year = {1968},
    journal = {The Astrophysical Journal},
    author = {Hartle, James B. and Thorne, Kip S.},
    volume = {153},
    isbn = {9788578110796},
    doi = {10.1017/CBO9781107415324.004},
    issn = {1098-6596},
    pmid = {25246403},
    arxivId = {arXiv:1011.1669v3}
}

@article{VanParadijs1982,
    title = {{Some Remarks on the Spectra of X-ray Bursts}},
    year = {1982},
    journal = {Astronomy and Astrophysics},
    author = {van Paradijs, J.},
    pages = {51--53},
    volume = {107},
    isbn = {9789896540821}
}

@article{Suleimanov2006,
    title = {{Spectra of the spreading layers on the neutron star surface and constraints on the neutron star equation of state}},
    year = {2006},
    journal = {Monthly Notices of the Royal Astronomical Society},
    author = {Suleimanov, Valery and Poutanen, Juri},
    number = {4},
    pages = {2036--2048},
    volume = {369},
    doi = {10.1111/j.1365-2966.2006.10454.x},
    issn = {00358711},
    keywords = {Accretion, accretion discs, Radiative transfer, Stars: neutron, X-rays: binaries}
}

@article{Swank1977,
    title = {{Spectral evolution of a long X-ray burst}},
    year = {1977},
    journal = {The Astrophysical Journal},
    author = {Swank, J.H. and Becker, R.H. and Boldt, E.A. and Holt, S.S. and Pravdo, S.H. and Serlemitsos, P.J.},
    pages = {L73-L76},
    volume = {212},
    url = {https://ui.adsabs.harvard.edu/abs/1977ApJ...212L..73S/abstract},
    doi = {10.1086/182378}
}

@article{Blumenthal1976,
    title = {{Spherical winds and accretion in general relativity}},
    year = {1976},
    journal = {The Astrophysical Journal},
    author = {Blumenthal, George R. and Mathews, William G.},
    volume = {203}
}

@article{Thorne1981,
    title = {{Stationary spherical accretion into black holes - I. Equations of structure}},
    year = {1981},
    journal = {Monthly Notices of the Royal Astronomical Society},
    author = {Thorne, Kip S. and Flammang, Richard A. and Zytkow, Anna N.},
    pages = {475--484},
    volume = {194},
    url = {https://academic.oup.com/mnras/article/194/2/475/980863}
}

@article{Flammang1982,
    title = {{Stationary spherical accretion into black holes - II. Theory of optically thick accretion}},
    year = {1982},
    journal = {Monthly Notices of the Royal Astronomical Society},
    author = {Flammang, Richard A.},
    pages = {833--867},
    volume = {199},
    url = {https://academic.oup.com/mnras/article/199/4/833/965035}
}

@article{Flammang1984,
    title = {{Stationary spherical accretion into black holes - III. Optically thick accretion in particular cases}},
    year = {1984},
    journal = {Monthly Notices of the Royal Astronomical Society},
    author = {Flammang, Richard A.},
    volume = {206},
    url = {https://academic.oup.com/mnras/article/206/3/589/958974}
}

@article{Quinn1985,
    title = {{Stellar winds driven by super-Eddington luminosities}},
    year = {1985},
    journal = {The Astrophysical Journal},
    author = {Quinn, Thomas and Paczynski, Bohdan},
    pages = {634--643},
    volume = {289},
    url = {https://ui.adsabs.harvard.edu/abs/1985ApJ...289..634Q/abstract},
    doi = {10.1086/162927}
}

@article{Owocki2017,
    title = {{Super-Eddington stellar winds : unifying radiative-enthalpy versus flux-driven models}},
    year = {2017},
    journal = {Monthly Notices of the Royal Astronomical Society},
    author = {Owocki, Stanley P and Townsend, Richard H D and Quataert, Eliot},
    number = {March 2018},
    pages = {3749--3760},
    volume = {472},
    doi = {10.1093/mnras/stx2251},
    keywords = {1 i n t, a n d bac, can drive strong mass-loss, early-type, for example, general, k g ro u, large, mass loss, massive stars means that, n d, outflows, radiative forces, ro d u c, stars, supernovae, t i o n, the high luminosity of, the interaction of the, winds}
}

@article{Quataert2016,
    title = {{Super-Eddington stellar winds driven by near-surface energy deposition}},
    year = {2016},
    journal = {Monthly Notices of the Royal Astronomical Society},
    author = {Quataert, Eliot and Fernandez, Rodrigo and Kasen, Daniel and Klion, Hannah and Paxton, Bill},
    pages = {1214--1233},
    volume = {458},
    doi = {10.1093/mnras/stw365},
    keywords = {mass-loss, massive, outflows, stars, winds}
}

@article{Owocki2017a,
    title = {{Super-Eddington stellar winds: unifying radiative-enthalpy vs. flux-driven models}},
    year = {2017},
    journal = {Monthly Notices of the Royal Astronomical Society},
    author = {Owocki, Stanley P. and Townsend, Richard H D and Quataert, Eliot},
    url = {http://arxiv.org/abs/1708.07790%0Ahttp://dx.doi.org/10.1093/mnras/stx2251},
    doi = {10.1093/mnras/stx2251},
    arxivId = {1708.07790},
    keywords = {early-type, general, mass loss, outflows, stars, supernovae, winds}
}

@article{YuHangWeinberg2018,
    title = {{Super-Eddington Winds from Type I X-Ray Bursts}},
    year = {2018},
    journal = {The Astrophysical Journal},
    author = {Yu, Hang and Weinberg, Nevin N.},
    number = {1},
    pages = {53},
    volume = {863},
    publisher = {IOP Publishing},
    url = {http://dx.doi.org/10.3847/1538-4357/aad045},
    doi = {10.3847/1538-4357/aad045},
    issn = {1538-4357},
    keywords = {X-rays: bursts, bursts, neutron, out fl ows, outflows, stars, stars: neutron, stars: winds, winds, x-rays}
}

@article{IntZand2012,
    title = {{Superexpansion as a possible probe of accretion in 4U 1820-30}},
    year = {2012},
    journal = {Astronomy {\&} Astrophysics},
    author = {in ’t Zand, J. J. M. and Homan, J. and x, L. and Palmer, D. M.},
    pages = {A47},
    volume = {547},
    doi = {10.1051/0004-6361/201220141},
    issn = {0004-6361},
    keywords = {4u 1820-30, accretion, accretion disks, binaries, bursts, individuals, neutron, stars, x-rays}
}

@article{Charles1979,
    title = {{The 1978 Optical and X-Ray Outburst of Aql X-1}},
    year = {1979},
    journal = {ApJ},
    author = {Charles, P.A and Thorstensen, J.R. and Bowyer, S.},
    pages = {14--15}
}

@article{Weber1967,
    title = {{The angular momentum of the solar wind}},
    year = {1967},
    author = {Weber, Edmund J and Davis, Leverett},
    number = {April},
    pages = {217--227},
    volume = {148}
}

@article{InTZand2014,
    title = {{The cooling rate of neutron stars after thermonuclear shell flashes}},
    year = {2014},
    journal = {Astronomy and Astrophysics},
    author = {In 'T Zand, J. J.M. and Cumming, A. and Triemstra, T. L. and Mateijsen, R. A.D.A. and Bagnoli, T.},
    pages = {1--10},
    volume = {562},
    url = {https://www.aanda.org/articles/aa/abs/2014/02/aa22913-13/aa22913-13.html},
    doi = {10.1051/0004-6361/201322913},
    issn = {00046361},
    keywords = {Dense matter, Stars: neutron, X-rays: binaries, X-rays: bursts}
}

@article{Ozel2016,
    title = {{The Dense Matter Equation of State from Neutron Star Radius and Mass Measurements}},
    year = {2016},
    journal = {The Astrophysical Journal},
    author = {{\"{O}}zel, Feryal and Psaltis, Dimitrios and Guver, Tolga and Baym, Gordon and Heinke, Craig and Guillot, Sebastien},
    number = {1},
    pages = {28},
    volume = {820},
    publisher = {IOP Publishing},
    url = {http://arxiv.org/abs/1505.05155%0Ahttp://dx.doi.org/10.3847/0004-637X/820/1/28},
    doi = {10.3847/0004-637X/820/1/28},
    issn = {1538-4357},
    arxivId = {1505.05155},
    keywords = {X-rays: binaries, X-rays: bursts, X-rays: stars, binaries, bursts, dense matter, equation of state, neutron, stars, stars: neutron, x-rays}
}

@article{Ebisuzaki1988,
    title = {{The difference in hydrogen abundance between two classes of type I X-ray bursts}},
    year = {1988},
    journal = {The Astrophysical Journal},
    author = {Ebisuzaki, Toshikazu and Nakamura, Norio},
    pages = {251--255},
    volume = {328},
    url = {https://ui.adsabs.harvard.edu/abs/1988ApJ...328..251E/abstract}
}

@article{Belczynski2019,
    title = {{The Formation of a 70 Msun Black Hole at High Metallicity}},
    year = {2019},
    author = {Belczynski, K. and Hirschi, R. and Kaiser, E. A. and Liu, Jifeng and Casares, J. and Lu, Youjun and O'Shaughnessy, R. and Heger, A. and Justham, S.},
    pages = {1--5},
    url = {http://arxiv.org/abs/1911.12357},
    arxivId = {1911.12357}
}

@article{Taylor1950,
    title = {{The Formation of a Blast Wave by a Very Intense Explosion . II . The Atomic Explosion of 1945}},
    year = {1950},
    journal = {Proceedings of the Royal Society of London. Series A, Mathematical and Physical Sciences},
    author = {Taylor, Geoffrey},
    number = {1065},
    pages = {175--186},
    volume = {201}
}

@article{Taylor1950a,
    title = {{The formation of a blast wave by a very intense explosion. - I, Theoretical Discussion}},
    year = {1950},
    journal = {Proceedings of the Royal Society of London. Series A. Mathematical and Physical Sciences},
    author = {Taylor, Geoffrey},
    number = {1065},
    pages = {175--186},
    volume = {201},
    doi = {10.1098/rspa.1950.0050},
    issn = {2053-9169}
}

@article{Fuentes2017,
    title = {{The glitch activity of neutron stars}},
    year = {2017},
    journal = {Astronomy and Astrophysics},
    author = {Fuentes, J. R. and Espinoza, C. M. and Reisenegger, A. and Shaw, B. and Stappers, B. W. and Lyne, A. G.},
    pages = {1--9},
    volume = {608},
    doi = {10.1051/0004-6361/201731519},
    issn = {14320746},
    keywords = {Pulsars: general, Stars: magnetars, Stars: neutron, Stars: rotation}
}

@article{Guver2010,
    title = {{The mass and radius of the neutron star in 4U 1820-30}},
    year = {2010},
    journal = {The Astrophysical Journal},
    author = {G{\"{u}}ver, Tolga and Wroblewski, Patricia and Camarota, Larry and {\"{O}}zel, Feryal},
    number = {2},
    pages = {1807--1812},
    volume = {719},
    doi = {10.1088/0004-637X/719/2/1807},
    issn = {15384357},
    keywords = {Stars: individual (4U 1820-30), Stars: neutron, X-rays: binaries}
}

@article{Ozel2009,
    title = {{THE MASS AND RADIUS OF THE NEUTRON STAR IN EXO 1745 − 248}},
    year = {2009},
    author = {{\"{O}}zel, Feryal and Psaltis, Dimitrios},
    pages = {1775--1779},
    doi = {10.1088/0004-637X/693/2/1775},
    keywords = {248, color figures, exo 1745, individual, neutron, online-only material, stars, x-rays}
}

@article{Ozel2012a,
    title = {{The mass and radius of the neutron star in the bulge low-mass x-ray binary KS 1731-260}},
    year = {2012},
    journal = {The Astrophysical Journal},
    author = {{\"{O}}zel, Feryal and Gould, Andrew},
    volume = {748},
    doi = {10.1088/0004-637X/748/1/5},
    keywords = {260, binaries, color figures, distances, individual, ks 1731, neutron, online-only material, stars, x-rays}
}

@article{Steiner2013,
    title = {{The neutron star mass-radius relation and the equation of state of dense matter}},
    year = {2013},
    journal = {The Astrophysical Journal Letters},
    author = {Steiner, Andrew W. and Lattimer, James M. and Brown, Edward F.},
    number = {1},
    volume = {765},
    isbn = {2041-8205},
    doi = {10.1088/2041-8205/765/1/L5},
    issn = {20418205},
    pmid = {15283863},
    arxivId = {1205.6871},
    keywords = {X-rays: binaries, X-rays: bursts, dense matter, stars: neutron}
}

@article{Cumming2018,
    title = {{The primordial entropy of Jupiter}},
    year = {2018},
    journal = {Monthly Notices of the Royal Astronomical Society},
    author = {Cumming, Andrew and Helled, Ravit and Venturini, Julia},
    pages = {4817--4823},
    volume = {477},
    publisher = {Oxford University Press},
    doi = {10.1093/mnras/sty1000},
    keywords = {composition, planets and satellites, planets and satellites: formation, planets and satellites: interiors}
}

@article{Thorne1977,
    title = {{The relativistic equations of stellar structure and evolution}},
    year = {1977},
    journal = {The Astrophysical Journal},
    author = {Thorne, Kip S.},
    pages = {825--831},
    volume = {212}
}

@article{Shaviv2001,
    title = {{The theory of steady-state super-Eddington winds and its application to novae}},
    year = {2001},
    journal = {Monthly Notices of the Royal Astronomical Society},
    author = {Shaviv, Nir J.},
    pages = {126--146},
    volume = {326},
    keywords = {atmospheres, cataclysmic variables, hydrodynamics, instabilities, novae, radiative transfer, stars}
}

@article{Holzer1970,
    title = {{The theory of stellar winds and related flows}},
    year = {1970},
    journal = {Astronomy and Astrophysics},
    author = {Holzer, T.E. and Axford, W.I.},
    volume = {8}
}

@article{Cumming2004,
    title = {{The Thermal Evolution following a Superburst on an Accreting Neutron Star}},
    year = {2004},
    journal = {The Astrophysical Journal},
    author = {Cumming, Andrew and Macbeth, Jared},
    number = {1},
    pages = {L37-L40},
    volume = {603},
    doi = {10.1086/382873},
    issn = {0004-637X},
    arxivId = {arXiv:astro-ph/0401317v1},
    archivePrefix = {arXiv},
    eprint = {0401317v1},
    primaryClass = {astro-ph}
}

@article{Merritt2018,
    title = {{The thermal state of ks 1731 − 260 after 14.5 years in quiescence}},
    year = {2018},
    author = {Merritt, Rachael and Cackett, Edward},
    volume = {260},
    arxivId = {arXiv:1608.03880v2}
}

@article{Beznogov2019,
    title = {{Thermal evolution of neo-neutron stars. I: envelopes, Eddington luminosity phase and implications for GW170817}},
    year = {2019},
    author = {Beznogov, Mikhail V. and Page, Dany and Ramirez-Ruiz, Enrico},
    url = {http://arxiv.org/abs/1908.04888},
    arxivId = {1908.04888},
    keywords = {accretion induced collapse, gamma-ray bursts, neutron stars, type ii supernovae}
}

@book{Galloway2008,
    title = {{Thermonuclear (type-I) X-ray bursts observed by the Rossi X-ray Timing Explorer}},
    year = {2008},
    author = {Galloway, Duncan K. and Muno, Michael P. and Hartman, Jacob M. and Psaltis, Dimitrios and Chakrabarty, Deepto},
    number = {Type I},
    url = {http://arxiv.org/abs/astro-ph/0608259%0Ahttp://dx.doi.org/10.1086/592044},
    isbn = {6005203010},
    doi = {10.1086/592044},
    arxivId = {astro-ph/0608259}
}

@article{Galloway2017,
    title = {{Thermonuclear X-ray bursts}},
    year = {2017},
    author = {Galloway, Duncan K. and Keek, Laurens},
    pages = {1--57},
    url = {http://arxiv.org/abs/1712.06227},
    arxivId = {arXiv:1712.06227}
}

@article{1980,
    title = {{Time-resolved and spectral studies of an X-ray burst from the globular cluster Terzan 2}},
    year = {1980},
    journal = {The Astrophysical Journal},
    author = {Grindlay, J.E. and Marshall, H.L. and Hertz, P. and Soltan, A. and Weisskopf, M.C. and Elsner, R.F. and Ghosh, P. and Darbro, W. and Sutherland, P.G.},
    pages = {L121-L125},
    volume = {240},
    url = {https://ui.adsabs.harvard.edu/abs/1980ApJ...240L.121G/abstract}
}

@article{Tian2005,
    title = {{Transonic Hydrodynamic Escape of Hydrogen from Extrasolar Planetary Atmospheres}},
    year = {2005},
    journal = {The Astrophysical Journal},
    author = {Tian, Feng and Toon, Owen B. and Pavlov, Alexander A. and De Sterck, H.},
    number = {2},
    pages = {1049--1060},
    volume = {621},
    url = {http://stacks.iop.org/0004-637X/621/i=2/a=1049},
    doi = {10.1086/427204},
    issn = {0004-637X},
    arxivId = {arXiv:1506.07067}
}

@article{2001,
    title = {{Updated OPAL opacities}},
    year = {1996},
    journal = {The Astrophysical Journal},
    author = {Iglesias, Carlos A. and Rogers, Forrest J.},
    pages = {943--953},
    volume = {464}
}

@article{VanMarle2004,
    title = {{Wind-blown bubbles around massive stars. the effects of stellar wind and photo-ionization on the circumstellar medium}},
    year = {2004},
    journal = {Revista Mexicana de Astronomia y Astrofisica: Serie de Conferencias},
    author = {Van Marle, A. J. and Langer, N. and Garc{\'{i}}a-Segura, G.},
    pages = {136--139},
    volume = {22},
    issn = {14052059},
    keywords = {H II regions, Outflows, Stars: Circumstellar matter, Stars: Mass loss, Stars: Winds}
}

@article{Pounds2017,
    title = {{X-ray astronomy and Eddington winds}},
    year = {2017},
    journal = {Astronomy and Geophysics},
    author = {Pounds, Ken},
    number = {6},
    pages = {29--6},
    volume = {58},
    doi = {10.1093/astrogeo/atx215},
    issn = {14684004}
}

@article{Lewin1993,
    title = {{X-Ray Bursts}},
    year = {1993},
    journal = {Space Science Reviews},
    author = {Lewin, Walter H G and van Paradijs, J. and Taam, Ronald E},
    pages = {223--389},
    volume = {62},
    url = {https://ui.adsabs.harvard.edu/abs/1993SSRv...62..223L/abstract},
    doi = {10.1007/BF00196124}
}

@article{Zeldovich1969,
    title = {{X-ray emission accompanying the accretion of gas by a neutron star}},
    year = {1969},
    journal = {Soviet Astronomy},
    author = {Zel'dovich, Ya.B. and Shakura, N.I.},
    pages = {225--236},
    volume = {13}
}

@article{Costantini2012,
    title = {{XMM-Newton observation of 4U 1820-30}},
    year = {2012},
    journal = {Astronomy {\&} Astrophysics},
    author = {Costantini, E and Pinto, C and Kaastra, J S and in’t Zand, J. J. M. and Freyberg, M J and Kuiper, L and M{\'{e}}ndez, M and de Vries, C. P. and Waters, L B F M},
    pages = {A32},
    volume = {539},
    url = {http://adsabs.harvard.edu.ezp-prod1.hul.harvard.edu/abs/2012A&A...539A..32C},
    doi = {10.1051/0004-6361/201117818},
    issn = {0004-6361},
    arxivId = {astro-ph.GA/1112.4349},
    keywords = {X-rays: binaries, X-rays: individuals: 4U 1820-30, astrochemistry, dust, extinction}
}

@article{Stone1992a,
    title = {{Zeus-2D: A radiation magnetohydrodynamics code for astrophysical flows in two space dimensions. I. The hydrodynamic algorithms and tests}},
    year = {1992},
    journal = {The Astrophysical Journal supplement series},
    author = {Stone, James M. and Norman, Michael L.},
    pages = {5--6}
}

@article{Stone1992c,
    title = {{Zeus-2D: A radiation magnetohydrodynamics code for astrophysical flows in two space dimensions. II. The magnetohydrodynamic algorithms and tests}},
    year = {1992},
    journal = {The Astrophysical Journal supplement series},
    author = {Stone, James M. and Norman, Michael L.},
    volume = {80}
}

@article{Stone1992b,
    title = {{Zeus-2D: A radiation magnetohydrodynamics code for astrophysical flows in two space dimensions. III. The radiation hydrodynamic algorithms and tests}},
    year = {1992},
    journal = {The Astrophysical Journal supplement series},
    author = {Stone, James M. and Mihalas, Dimitri and Norman, Michael L.},
    volume = {80},
    doi = {10.1086/191682},
    issn = {0067-0049}
}


@ARTICLE{SciPy,
       author = {{Virtanen}, Pauli and {Gommers}, Ralf and {Oliphant},
         Travis E. and {Haberland}, Matt and {Reddy}, Tyler and
         {Cournapeau}, David and {Burovski}, Evgeni and {Peterson}, Pearu
         and {Weckesser}, Warren and {Bright}, Jonathan and {van der Walt},
         St{\'e}fan J.  and {Brett}, Matthew and {Wilson}, Joshua and
         {Jarrod Millman}, K.  and {Mayorov}, Nikolay and {Nelson}, Andrew
         R.~J. and {Jones}, Eric and {Kern}, Robert and {Larson}, Eric and
         {Carey}, CJ and {Polat}, {\.I}lhan and {Feng}, Yu and {Moore},
         Eric W. and {Vand erPlas}, Jake and {Laxalde}, Denis and
         {Perktold}, Josef and {Cimrman}, Robert and {Henriksen}, Ian and
         {Quintero}, E.~A. and {Harris}, Charles R and {Archibald}, Anne M.
         and {Ribeiro}, Ant{\^o}nio H. and {Pedregosa}, Fabian and
         {van Mulbregt}, Paul and {Contributors}, SciPy 1. 0},
        title = "{SciPy 1.0: Fundamental Algorithms for Scientific
                  Computing in Python}",
      journal = {Nature Methods},
      year = "2020",
      volume={17},
      pages={261--272},
      adsurl = {https://rdcu.be/b08Wh},
      doi = {https://doi.org/10.1038/s41592-019-0686-2},
}


@ARTICLE{Herrera2020,
       author = {{Herrera}, Yago and {Sala}, Gloria and {Jos{\'e}}, Jordi},
        title = "{Simulations of stellar winds from X-ray bursts. Characterization of solutions and observable variables}",
      journal = {arXiv e-prints},
     keywords = {Astrophysics - Solar and Stellar Astrophysics, Astrophysics - High Energy Astrophysical Phenomena},
         year = 2020,
        month = may,
          eid = {arXiv:2005.00553},
        pages = {arXiv:2005.00553},
archivePrefix = {arXiv},
       eprint = {2005.00553},
 primaryClass = {astro-ph.SR},
       adsurl = {https://ui.adsabs.harvard.edu/abs/2020arXiv200500553H},
      adsnote = {Provided by the SAO/NASA Astrophysics Data System}
}

@ARTICLE{Buchler1976,
       author = {{Buchler}, J.~R. and {Yueh}, W.~R.},
        title = "{Compton scattering opacities in a partially degenerate electron plasma at high temperatures.}",
      journal = {The Astrophysical Journal},
     keywords = {Compton Effect, Degenerate Matter, Electron Plasma, High Temperature Plasmas, Mean Free Path, Opacity, Plasmons, Light Scattering, Photons, Thomson Scattering, Plasma Physics},
         year = 1976,
        month = dec,
       volume = {210},
        pages = {440-446},
          doi = {10.1086/154847},
       adsurl = {https://ui.adsabs.harvard.edu/abs/1976ApJ...210..440B},
      adsnote = {Provided by the SAO/NASA Astrophysics Data System}
}


@unpublished{GuichandutLeiden2019,
title= {Mass loss from super-Eddington winds in PRE X-ray bursts},
author = {Simon Guichandut},
year = {2019},
note= {Bursting the Bubble Workshop - Connecting Thermonuclear Burst Research to a Wider Community, Lorentz Center, June 2019, Leiden, Netherlands},
}