@BOOK{Carroll2004,
       author = {{Carroll}, Sean M.},
        title = "{Spacetime and geometry. An introduction to general relativity}",
         year = "2004",
       adsurl = {https://ui.adsabs.harvard.edu/abs/2004sgig.book.....C},
      adsnote = {Provided by the SAO/NASA Astrophysics Data System}
}

@BOOK{MihalasMihalas1984,
       author = {{Mihalas}, D. and {Mihalas}, B.~W.},
        title = "{Foundations of radiation hydrodynamics}",
         year = "1984",
       adsurl = {https://ui.adsabs.harvard.edu/abs/1984oup..book.....M},
      adsnote = {Provided by the SAO/NASA Astrophysics Data System}
}



@BOOK{HubenyMihalas2014,
       author = {{Hubeny}, Ivan and {Mihalas}, Dimitri},
        title = "{Theory of Stellar Atmospheres}",
         year = "2014",
       adsurl = {https://ui.adsabs.harvard.edu/abs/2014tsa..book.....H},
      adsnote = {Provided by the SAO/NASA Astrophysics Data System}
}

@BOOK{Choudhuri1998,
       author = {{Choudhuri}, Arnab Rai},
        title = "{The physics of fluids and plasmas : an introduction for astrophysicists /}",
         year = "1998",
       adsurl = {https://ui.adsabs.harvard.edu/abs/1998pfp..book.....C},
      adsnote = {Provided by the SAO/NASA Astrophysics Data System}
}

@BOOK{LamersCassinelli1999,
       author = {{Lamers}, Henny J.~G.~L.~M. and {Cassinelli}, Joseph P.},
        title = "{Introduction to Stellar Winds}",
         year = "1999",
       adsurl = {https://ui.adsabs.harvard.edu/abs/1999isw..book.....L},
      adsnote = {Provided by the SAO/NASA Astrophysics Data System}
}

@BOOK{Jackson1962,
       author = {{Jackson}, J.~D.},
        title = "{Classical Electrodynamics}",
         year = "1962",
       adsurl = {https://ui.adsabs.harvard.edu/abs/1962clel.book.....J},
      adsnote = {Provided by the SAO/NASA Astrophysics Data System}
}

@BOOK{Mihalas1978,
       author = {{Mihalas}, Dimitri},
        title = "{Stellar atmospheres}",
         year = 1978,
       adsurl = {https://ui.adsabs.harvard.edu/abs/1978stat.book.....M},
      adsnote = {Provided by the SAO/NASA Astrophysics Data System}
}


